{"t":1782382763474,"b":[[61598.0,0.13607431],[61596.64,1.8e-05],[61596.0,0.0429],[61595.94,0.07523556],[61595.82,0.06493155],[61595.19,0.04877229],[61594.0,0.20525345],[61593.2,1.8e-05],[61591.57,0.04],[61591.56,0.07751234],[61591.55,0.12983642],[61589.76,1.8e-05],[61589.55,0.2006569],[61589.54,0.12983642],[61589.17,0.05680344],[61589.16,0.04877229],[61589.15,0.1575],[61587.91,0.01536009],[61587.9,0.06494782],[61587.67,0.12585476]],"a":[[61598.01,0.57454564],[61598.16,0.02668137],[61599.99,0.01536009],[61600.0,0.0429],[61600.07,0.18926414],[61600.08,0.0028138],[61601.06,0.12983642],[61602.0,0.0429],[61602.65,0.10557573],[61602.83,0.04504167],[61603.11,0.39202282],[61603.12,0.12983642],[61603.2,0.12986338],[61604.0,0.0429],[61604.7,0.0024351],[61605.06,0.19476797],[61606.0,0.0429],[61606.14,0.16232148],[61606.54,0.15463405],[61606.96,1.8e-05]]}
{"t":1782382764675,"b":[[61598.0,0.13607431],[61596.64,1.8e-05],[61596.0,0.0429],[61595.94,0.07523556],[61595.82,0.06493155],[61595.19,0.04877229],[61594.0,0.20525345],[61593.2,1.8e-05],[61591.57,0.04],[61591.56,0.07751234],[61591.55,0.12983642],[61589.76,1.8e-05],[61589.55,0.2006569],[61589.54,0.12983642],[61589.17,0.05680344],[61589.16,0.04877229],[61589.15,0.1575],[61587.91,0.01536009],[61587.9,0.06494782],[61587.67,0.12585476]],"a":[[61598.01,0.57454564],[61598.16,0.02668137],[61599.99,0.01536009],[61600.0,0.0429],[61600.07,0.18926414],[61600.08,0.0028138],[61601.06,0.12983642],[61602.0,0.0429],[61602.65,0.10557573],[61602.83,0.04504167],[61603.11,0.39202282],[61603.12,0.12983642],[61603.2,0.12986338],[61604.0,0.0429],[61604.7,0.0024351],[61605.06,0.19476797],[61606.0,0.0429],[61606.14,0.16232148],[61606.54,0.15463405],[61606.96,1.8e-05]]}
{"t":1782382765984,"b":[[61598.0,0.21412737],[61597.24,0.06493155],[61596.64,1.8e-05],[61596.03,0.04],[61596.02,0.38637496],[61596.0,0.0429],[61595.94,0.07523556],[61595.19,0.04877229],[61594.03,0.01536009],[61594.02,0.12983642],[61594.0,0.20525345],[61593.2,1.8e-05],[61591.6,0.07751234],[61591.59,0.12983642],[61589.76,1.8e-05],[61589.56,0.12983642],[61589.55,0.2006569],[61589.17,0.05680344],[61589.16,0.04877229],[61589.15,0.1575]],"a":[[61598.01,0.21548065],[61601.19,0.01536009],[61601.2,0.29203963],[61601.21,0.12983642],[61601.27,0.12376887],[61601.67,0.00081171],[61602.0,0.0429],[61602.63,0.00243514],[61602.83,0.04504167],[61603.08,0.12983642],[61603.09,0.2041925],[61604.0,0.0429],[61604.17,0.1575],[61605.42,0.12983642],[61606.0,0.0429],[61606.44,0.04877229],[61606.48,0.06493155],[61606.52,0.2043589],[61606.53,0.05680344],[61606.81,0.12985578]]}
{"t":1782382767167,"b":[[61598.0,0.21412737],[61597.24,0.06493155],[61596.64,1.8e-05],[61596.03,0.04],[61596.02,0.38637496],[61596.0,0.0429],[61595.94,0.07523556],[61595.19,0.04877229],[61594.03,0.01536009],[61594.02,0.12983642],[61594.0,0.20525345],[61593.2,1.8e-05],[61591.6,0.07751234],[61591.59,0.12983642],[61589.76,1.8e-05],[61589.56,0.12983642],[61589.55,0.2006569],[61589.17,0.05680344],[61589.16,0.04877229],[61589.15,0.1575]],"a":[[61598.01,0.21548065],[61601.19,0.01536009],[61601.2,0.29203963],[61601.21,0.12983642],[61601.27,0.12376887],[61601.67,0.00081171],[61602.0,0.0429],[61602.63,0.00243514],[61602.83,0.04504167],[61603.08,0.12983642],[61603.09,0.2041925],[61604.0,0.0429],[61604.17,0.1575],[61605.42,0.12983642],[61606.0,0.0429],[61606.44,0.04877229],[61606.48,0.06493155],[61606.52,0.2043589],[61606.53,0.05680344],[61606.81,0.12985578]]}
{"t":1782382768331,"b":[[61584.12,0.10291449],[61583.42,0.00084487],[61582.73,0.06495328],[61581.62,0.12990887],[61581.46,0.00499997],[61581.12,0.0054075],[61580.33,0.00499998],[61580.0,0.0429],[61579.44,1.8e-05],[61579.26,0.16239231],[61577.84,0.01536498],[61577.83,0.02452618],[61576.59,0.05680344],[61576.58,0.07752309],[61576.57,0.12983642],[61576.0,1.8e-05],[61575.16,0.19549593],[61575.15,0.04877229],[61575.0,0.01],[61574.95,2.436e-05]],"a":[[61584.13,0.61099614],[61584.14,0.03],[61584.16,0.03],[61584.59,0.21715424],[61584.79,0.12983642],[61585.99,0.01536498],[61586.0,0.0429],[61587.6,0.06494438],[61587.61,0.12983642],[61588.19,0.05680344],[61588.2,0.22089685],[61588.21,0.129895],[61589.33,0.00243568],[61589.57,0.12983642],[61590.0,0.0429],[61590.88,0.35060513],[61590.89,0.1575],[61591.17,0.00081189],[61591.42,0.17860871],[61591.56,0.16235992]]}
{"t":1782382769623,"b":[[61584.12,0.10291449],[61583.42,0.00084487],[61582.73,0.06495328],[61581.62,0.12990887],[61581.46,0.00499997],[61581.12,0.0054075],[61580.33,0.00499998],[61580.0,0.0429],[61579.44,1.8e-05],[61579.26,0.16239231],[61577.84,0.01536498],[61577.83,0.02452618],[61576.59,0.05680344],[61576.58,0.07752309],[61576.57,0.12983642],[61576.0,1.8e-05],[61575.16,0.19549593],[61575.15,0.04877229],[61575.0,0.01],[61574.95,2.436e-05]],"a":[[61584.13,0.61099614],[61584.14,0.03],[61584.16,0.03],[61584.59,0.21715424],[61584.79,0.12983642],[61585.99,0.01536498],[61586.0,0.0429],[61587.6,0.06494438],[61587.61,0.12983642],[61588.19,0.05680344],[61588.2,0.22089685],[61588.21,0.129895],[61589.33,0.00243568],[61589.57,0.12983642],[61590.0,0.0429],[61590.88,0.35060513],[61590.89,0.1575],[61591.17,0.00081189],[61591.42,0.17860871],[61591.56,0.16235992]]}
{"t":1782382770782,"b":[[61584.12,0.12105141],[61583.42,0.00084487],[61582.81,0.12990638],[61581.63,0.04877229],[61581.46,0.00499997],[61581.12,0.0054075],[61580.67,0.16238861],[61580.33,0.00499998],[61580.14,0.03247801],[61580.13,0.03247801],[61580.0,0.0429],[61579.44,1.8e-05],[61577.98,0.01536498],[61577.97,0.11986799],[61577.83,0.02452618],[61577.5,0.12983642],[61576.59,0.05680344],[61576.0,1.8e-05],[61575.16,0.12696656],[61575.15,0.04877229]],"a":[[61584.13,0.58390534],[61584.14,0.03],[61584.16,0.03],[61584.59,0.08740731],[61584.6,0.08814593],[61585.99,0.01536498],[61586.0,0.0429],[61587.69,0.26012002],[61587.7,0.12983642],[61587.84,0.00081189],[61588.1,0.12989522],[61588.57,0.06494762],[61589.33,0.00243568],[61589.57,0.12983642],[61590.0,0.0429],[61590.88,0.35060513],[61590.89,0.1575],[61591.42,0.17860871],[61591.56,0.16235992],[61592.22,0.00129814]]}
{"t":1782382771957,"b":[[61584.12,0.12105141],[61583.42,0.00084487],[61582.81,0.12990638],[61581.63,0.04877229],[61581.46,0.00499997],[61581.12,0.0054075],[61580.67,0.16238861],[61580.33,0.00499998],[61580.14,0.03247801],[61580.13,0.03247801],[61580.0,0.0429],[61579.44,1.8e-05],[61577.98,0.01536498],[61577.97,0.11986799],[61577.83,0.02452618],[61577.5,0.12983642],[61576.59,0.05680344],[61576.0,1.8e-05],[61575.16,0.12696656],[61575.15,0.04877229]],"a":[[61584.13,0.58390534],[61584.14,0.03],[61584.16,0.03],[61584.59,0.08740731],[61584.6,0.08814593],[61585.99,0.01536498],[61586.0,0.0429],[61587.69,0.26012002],[61587.7,0.12983642],[61587.84,0.00081189],[61588.1,0.12989522],[61588.57,0.06494762],[61589.33,0.00243568],[61589.57,0.12983642],[61590.0,0.0429],[61590.88,0.35060513],[61590.89,0.1575],[61591.42,0.17860871],[61591.56,0.16235992],[61592.22,0.00129814]]}
{"t":1782382773165,"b":[[61584.59,0.33804692],[61584.0,0.0429],[61582.58,0.01536498],[61582.57,0.22428035],[61582.56,0.12983642],[61582.51,0.12990701],[61582.5,0.00078366],[61582.02,0.05680344],[61582.0,0.0429],[61581.64,8.346e-05],[61581.46,0.00499997],[61581.12,0.0054075],[61580.95,0.21293424],[61580.92,0.04877229],[61580.33,0.00499998],[61580.31,0.12983642],[61580.0,0.0429],[61579.44,1.8e-05],[61578.85,0.03116638],[61578.45,0.12983642]],"a":[[61584.6,0.08814593],[61585.44,0.01536498],[61585.45,0.0008119],[61588.0,0.0429],[61589.76,1.8e-05],[61589.91,0.19715114],[61589.92,0.12983642],[61590.0,0.0429],[61590.76,0.1575],[61592.9,0.26172185],[61592.91,0.12988508],[61593.2,1.8e-05],[61593.77,0.12988327],[61593.83,0.04877229],[61593.84,0.12983642],[61593.98,0.20050509],[61594.0,0.0429],[61594.77,0.00081191],[61594.81,0.0097],[61595.0,0.01]]}
{"t":1782382774442,"b":[[61584.59,0.33804692],[61584.0,0.0429],[61582.58,0.01536498],[61582.57,0.22428035],[61582.56,0.12983642],[61582.51,0.12990701],[61582.5,0.00078366],[61582.02,0.05680344],[61582.0,0.0429],[61581.64,8.346e-05],[61581.46,0.00499997],[61581.12,0.0054075],[61580.95,0.21293424],[61580.92,0.04877229],[61580.33,0.00499998],[61580.31,0.12983642],[61580.0,0.0429],[61579.44,1.8e-05],[61578.85,0.03116638],[61578.45,0.12983642]],"a":[[61584.6,0.08814593],[61585.44,0.01536498],[61585.45,0.0008119],[61588.0,0.0429],[61589.76,1.8e-05],[61589.91,0.19715114],[61589.92,0.12983642],[61590.0,0.0429],[61590.76,0.1575],[61592.9,0.26172185],[61592.91,0.12988508],[61593.2,1.8e-05],[61593.77,0.12988327],[61593.83,0.04877229],[61593.84,0.12983642],[61593.98,0.20050509],[61594.0,0.0429],[61594.77,0.00081191],[61594.81,0.0097],[61595.0,0.01]]}
{"t":1782382775643,"b":[[61582.5,0.00078366],[61581.64,8.346e-05],[61581.46,0.00502257],[61581.12,0.0054075],[61580.33,0.00499998],[61580.0,0.0429],[61579.84,0.12991264],[61579.44,1.8e-05],[61578.04,0.01536498],[61578.03,0.04],[61578.01,0.04877229],[61578.0,0.0429],[61577.83,0.02452618],[61577.64,0.16239659],[61576.34,0.1575],[61576.0,1.8e-05],[61574.95,2.436e-05],[61574.52,0.06496194],[61573.01,0.00499999],[61572.8,0.12152254]],"a":[[61582.51,0.62146277],[61582.52,0.03],[61582.53,0.05269419],[61582.54,0.03],[61583.99,0.01536498],[61584.0,0.0429],[61584.83,0.00081191],[61584.94,0.27280258],[61584.95,0.12983642],[61585.82,0.12990003],[61586.44,0.06494712],[61587.19,0.12983642],[61587.24,0.00243575],[61587.75,0.33021311],[61587.76,0.12989594],[61587.98,0.04877229],[61588.0,0.0429],[61588.79,0.1575],[61589.29,0.12983642],[61589.76,1.8e-05]]}
{"t":1782382776828,"b":[[61582.5,0.00078366],[61581.64,8.346e-05],[61581.46,0.00502257],[61581.12,0.0054075],[61580.33,0.00499998],[61580.0,0.0429],[61579.84,0.12991264],[61579.44,1.8e-05],[61578.04,0.01536498],[61578.03,0.04],[61578.01,0.04877229],[61578.0,0.0429],[61577.83,0.02452618],[61577.64,0.16239659],[61576.34,0.1575],[61576.0,1.8e-05],[61574.95,2.436e-05],[61574.52,0.06496194],[61573.01,0.00499999],[61572.8,0.12152254]],"a":[[61582.51,0.62146277],[61582.52,0.03],[61582.53,0.05269419],[61582.54,0.03],[61583.99,0.01536498],[61584.0,0.0429],[61584.83,0.00081191],[61584.94,0.27280258],[61584.95,0.12983642],[61585.82,0.12990003],[61586.44,0.06494712],[61587.19,0.12983642],[61587.24,0.00243575],[61587.75,0.33021311],[61587.76,0.12989594],[61587.98,0.04877229],[61588.0,0.0429],[61588.79,0.1575],[61589.29,0.12983642],[61589.76,1.8e-05]]}
{"t":1782382778060,"b":[[61582.5,0.01380202],[61581.64,8.346e-05],[61581.46,0.00499997],[61581.28,0.1299096],[61581.12,0.0054075],[61580.33,0.00499998],[61579.44,1.8e-05],[61578.02,0.01536498],[61578.01,0.04877229],[61578.0,0.0429],[61577.83,0.02452618],[61577.74,0.16239632],[61576.34,0.1575],[61576.0,1.8e-05],[61574.95,2.436e-05],[61574.59,0.18713748],[61574.58,0.12983642],[61573.01,0.00499999],[61572.79,0.04877229],[61572.56,1.8e-05]],"a":[[61582.51,0.60154055],[61582.52,0.03],[61582.53,0.05269419],[61582.54,0.03],[61584.0,0.0429],[61584.94,0.24230387],[61585.58,0.12983642],[61586.0,0.0429],[61587.01,0.12989754],[61587.24,0.00243575],[61587.43,0.12983642],[61587.75,0.33021311],[61588.0,0.0429],[61588.02,0.06494759],[61588.78,0.04877229],[61588.79,0.1575],[61589.29,0.12983642],[61589.76,1.8e-05],[61589.99,0.16236405],[61590.0,0.0429]]}
{"t":1782382779227,"b":[[61582.5,0.01380202],[61581.64,8.346e-05],[61581.46,0.00499997],[61581.28,0.1299096],[61581.12,0.0054075],[61580.33,0.00499998],[61579.44,1.8e-05],[61578.02,0.01536498],[61578.01,0.04877229],[61578.0,0.0429],[61577.83,0.02452618],[61577.74,0.16239632],[61576.34,0.1575],[61576.0,1.8e-05],[61574.95,2.436e-05],[61574.59,0.18713748],[61574.58,0.12983642],[61573.01,0.00499999],[61572.79,0.04877229],[61572.56,1.8e-05]],"a":[[61582.51,0.60154055],[61582.52,0.03],[61582.53,0.05269419],[61582.54,0.03],[61584.0,0.0429],[61584.94,0.24230387],[61585.58,0.12983642],[61586.0,0.0429],[61587.01,0.12989754],[61587.24,0.00243575],[61587.43,0.12983642],[61587.75,0.33021311],[61588.0,0.0429],[61588.02,0.06494759],[61588.78,0.04877229],[61588.79,0.1575],[61589.29,0.12983642],[61589.76,1.8e-05],[61589.99,0.16236405],[61590.0,0.0429]]}
{"t":1782382780432,"b":[[61576.34,0.19191428],[61576.0,1.8e-05],[61575.11,0.1299226],[61573.01,0.00499999],[61572.95,0.16240895],[61572.79,0.04877229],[61572.56,1.8e-05],[61572.0,0.0429],[61571.58,0.05680344],[61571.31,0.12983642],[61569.42,0.01536498],[61569.41,0.06496732],[61569.2,0.21128707],[61569.12,1.8e-05],[61569.09,0.12983642],[61567.79,0.00497528],[61567.74,0.04877229],[61567.23,0.12983642],[61566.99,0.06103518],[61566.5,0.00995056]],"a":[[61576.35,0.65903183],[61576.36,0.03],[61576.37,0.04497557],[61576.38,0.03],[61578.0,0.0429],[61578.54,0.01536498],[61578.55,0.24579017],[61578.91,0.000812],[61579.17,0.12983642],[61580.97,0.002436],[61581.06,0.12991008],[61581.45,0.12983642],[61581.46,0.04877229],[61581.64,0.32116113],[61581.68,0.16238596],[61582.0,0.0429],[61582.08,0.04341505],[61582.51,0.1575],[61583.1,0.06495285],[61584.0,0.0429]]}
{"t":1782382781744,"b":[[61576.34,0.19191428],[61576.0,1.8e-05],[61575.11,0.1299226],[61573.01,0.00499999],[61572.95,0.16240895],[61572.79,0.04877229],[61572.56,1.8e-05],[61572.0,0.0429],[61571.58,0.05680344],[61571.31,0.12983642],[61569.42,0.01536498],[61569.41,0.06496732],[61569.2,0.21128707],[61569.12,1.8e-05],[61569.09,0.12983642],[61567.79,0.00497528],[61567.74,0.04877229],[61567.23,0.12983642],[61566.99,0.06103518],[61566.5,0.00995056]],"a":[[61576.35,0.65903183],[61576.36,0.03],[61576.37,0.04497557],[61576.38,0.03],[61578.0,0.0429],[61578.54,0.01536498],[61578.55,0.24579017],[61578.91,0.000812],[61579.17,0.12983642],[61580.97,0.002436],[61581.06,0.12991008],[61581.45,0.12983642],[61581.46,0.04877229],[61581.64,0.32116113],[61581.68,0.16238596],[61582.0,0.0429],[61582.08,0.04341505],[61582.51,0.1575],[61583.1,0.06495285],[61584.0,0.0429]]}
{"t":1782382782922,"b":[[61576.34,0.23686691],[61576.0,1.8e-05],[61575.96,0.12992081],[61574.0,0.0429],[61573.01,0.00499999],[61572.96,0.04],[61572.95,0.16240895],[61572.79,0.04877229],[61572.56,1.8e-05],[61572.0,0.0429],[61571.59,0.04],[61571.58,0.05680344],[61571.44,0.12983642],[61569.44,0.01536498],[61569.43,0.12983642],[61569.2,0.15198887],[61569.12,1.8e-05],[61567.79,0.00497528],[61567.74,0.04877229],[61567.31,0.06496954]],"a":[[61576.35,0.38602349],[61576.36,0.03],[61576.37,0.04497557],[61576.38,0.03],[61577.73,0.000812],[61578.0,0.0429],[61578.54,0.01536498],[61578.55,0.1396024],[61579.74,0.12983642],[61580.97,0.002436],[61581.06,0.12991008],[61581.46,0.04877229],[61581.63,0.12983642],[61581.64,0.32116113],[61582.0,0.0429],[61582.08,0.04341505],[61582.51,0.1575],[61583.71,0.16238062],[61584.0,0.0429],[61584.02,0.06495285]]}
{"t":1782382784304,"b":[[61576.34,0.23686691],[61576.0,1.8e-05],[61575.96,0.12992081],[61574.0,0.0429],[61573.01,0.00499999],[61572.96,0.04],[61572.95,0.16240895],[61572.79,0.04877229],[61572.56,1.8e-05],[61572.0,0.0429],[61571.59,0.04],[61571.58,0.05680344],[61571.44,0.12983642],[61569.44,0.01536498],[61569.43,0.12983642],[61569.2,0.15198887],[61569.12,1.8e-05],[61567.79,0.00497528],[61567.74,0.04877229],[61567.31,0.06496954]],"a":[[61576.35,0.38602349],[61576.36,0.03],[61576.37,0.04497557],[61576.38,0.03],[61577.73,0.000812],[61578.0,0.0429],[61578.54,0.01536498],[61578.55,0.1396024],[61579.74,0.12983642],[61580.97,0.002436],[61581.06,0.12991008],[61581.46,0.04877229],[61581.63,0.12983642],[61581.64,0.32116113],[61582.0,0.0429],[61582.08,0.04341505],[61582.51,0.1575],[61583.71,0.16238062],[61584.0,0.0429],[61584.02,0.06495285]]}
{"t":1782382785608,"b":[[61576.34,0.03441479],[61576.0,0.12993874],[61573.01,0.00499999],[61572.96,0.04877229],[61572.95,0.16240895],[61572.56,1.8e-05],[61572.0,0.0429],[61569.48,0.01536498],[61569.47,0.12059689],[61569.46,0.12983642],[61569.22,0.05680344],[61569.2,0.15198887],[61569.12,1.8e-05],[61567.79,0.00497528],[61567.74,0.04877229],[61566.99,0.06103518],[61566.86,0.00162156],[61566.74,0.12983642],[61566.5,0.00995056],[61565.68,1.8e-05]],"a":[[61576.35,0.57799732],[61576.36,0.03],[61576.37,0.09044839],[61576.38,0.03],[61577.35,0.000812],[61578.0,0.0429],[61578.21,0.08742439],[61578.54,0.01536498],[61578.55,0.1396024],[61579.59,0.12983642],[61580.41,0.12991146],[61580.97,0.002436],[61581.46,0.04877229],[61581.63,0.12983642],[61581.64,0.32116113],[61582.0,0.0429],[61582.08,0.04341505],[61582.51,0.1575],[61583.06,0.06495285],[61583.71,0.16238062]]}
{"t":1782382786814,"b":[[61576.34,0.03441479],[61576.0,0.12993874],[61573.01,0.00499999],[61572.96,0.04877229],[61572.95,0.16240895],[61572.56,1.8e-05],[61572.0,0.0429],[61569.48,0.01536498],[61569.47,0.12059689],[61569.46,0.12983642],[61569.22,0.05680344],[61569.2,0.15198887],[61569.12,1.8e-05],[61567.79,0.00497528],[61567.74,0.04877229],[61566.99,0.06103518],[61566.86,0.00162156],[61566.74,0.12983642],[61566.5,0.00995056],[61565.68,1.8e-05]],"a":[[61576.35,0.57799732],[61576.36,0.03],[61576.37,0.09044839],[61576.38,0.03],[61577.35,0.000812],[61578.0,0.0429],[61578.21,0.08742439],[61578.54,0.01536498],[61578.55,0.1396024],[61579.59,0.12983642],[61580.41,0.12991146],[61580.97,0.002436],[61581.46,0.04877229],[61581.63,0.12983642],[61581.64,0.32116113],[61582.0,0.0429],[61582.08,0.04341505],[61582.51,0.1575],[61583.06,0.06495285],[61583.71,0.16238062]]}
{"t":1782382788074,"b":[[61563.05,0.00499996],[61562.46,0.06497466],[61562.24,1.8e-05],[61561.31,0.00499993],[61558.98,0.12995665],[61558.8,1.8e-05],[61558.0,0.0429],[61556.29,0.04],[61556.28,0.04877229],[61556.22,0.12983642],[61556.21,0.16245313],[61555.37,0.01536498],[61555.36,1.8e-05],[61554.89,0.00497528],[61554.41,0.00333338],[61554.19,0.12983642],[61553.6,0.00995056],[61552.47,0.10478799],[61552.42,0.03116638],[61551.98,0.00129971]],"a":[[61563.06,1.01835971],[61563.08,0.03],[61563.63,0.59132807],[61563.64,0.18833134],[61563.65,0.12849483],[61564.0,0.0429],[61564.46,0.12983642],[61564.48,0.04877229],[61564.49,0.10874232],[61565.1,0.12994376],[61566.0,0.0429],[61566.4,0.25456174],[61567.21,0.12983642],[61567.39,0.16242366],[61567.43,0.06496851],[61568.0,0.0429],[61568.26,0.00243651],[61568.37,0.00081217],[61569.13,0.12983642],[61569.27,0.04412616]]}
{"t":1782382789311,"b":[[61563.05,0.00499996],[61562.46,0.06497466],[61562.24,1.8e-05],[61561.31,0.00499993],[61558.98,0.12995665],[61558.8,1.8e-05],[61558.0,0.0429],[61556.29,0.04],[61556.28,0.04877229],[61556.22,0.12983642],[61556.21,0.16245313],[61555.37,0.01536498],[61555.36,1.8e-05],[61554.89,0.00497528],[61554.41,0.00333338],[61554.19,0.12983642],[61553.6,0.00995056],[61552.47,0.10478799],[61552.42,0.03116638],[61551.98,0.00129971]],"a":[[61563.06,1.01835971],[61563.08,0.03],[61563.63,0.59132807],[61563.64,0.18833134],[61563.65,0.12849483],[61564.0,0.0429],[61564.46,0.12983642],[61564.48,0.04877229],[61564.49,0.10874232],[61565.1,0.12994376],[61566.0,0.0429],[61566.4,0.25456174],[61567.21,0.12983642],[61567.39,0.16242366],[61567.43,0.06496851],[61568.0,0.0429],[61568.26,0.00243651],[61568.37,0.00081217],[61569.13,0.12983642],[61569.27,0.04412616]]}
{"t":1782382790700,"b":[[61563.05,0.00561834],[61562.24,1.8e-05],[61561.44,0.04877229],[61561.43,0.12995149],[61561.31,0.00499993],[61560.05,0.1299544],[61559.81,0.06497746],[61558.8,1.8e-05],[61558.0,0.0429],[61556.28,0.04877229],[61555.37,0.01536498],[61555.36,1.8e-05],[61555.11,0.12983642],[61554.89,0.00497528],[61554.41,0.00333338],[61553.6,0.00995056],[61553.08,0.2202103],[61553.07,0.12983642],[61552.42,0.03116638],[61551.98,0.00129971]],"a":[[61563.06,1.45308212],[61563.08,0.03],[61563.63,0.20354059],[61564.0,0.0429],[61564.39,0.04412616],[61564.83,0.11212179],[61565.19,0.00081217],[61565.4,0.12983642],[61565.86,0.12994214],[61566.0,0.0429],[61566.4,0.18069841],[61566.82,0.06496851],[61567.27,0.12983642],[61568.0,0.0429],[61568.26,0.00243651],[61569.13,0.12983642],[61569.44,0.19821968],[61569.82,0.16241724],[61569.99,0.05680344],[61570.0,0.0429]]}
{"t":1782382791874,"b":[[61563.05,0.00561834],[61562.24,1.8e-05],[61561.44,0.04877229],[61561.43,0.12995149],[61561.31,0.00499993],[61560.05,0.1299544],[61559.81,0.06497746],[61558.8,1.8e-05],[61558.0,0.0429],[61556.28,0.04877229],[61555.37,0.01536498],[61555.36,1.8e-05],[61555.11,0.12983642],[61554.89,0.00497528],[61554.41,0.00333338],[61553.6,0.00995056],[61553.08,0.2202103],[61553.07,0.12983642],[61552.42,0.03116638],[61551.98,0.00129971]],"a":[[61563.06,1.45308212],[61563.08,0.03],[61563.63,0.20354059],[61564.0,0.0429],[61564.39,0.04412616],[61564.83,0.11212179],[61565.19,0.00081217],[61565.4,0.12983642],[61565.86,0.12994214],[61566.0,0.0429],[61566.4,0.18069841],[61566.82,0.06496851],[61567.27,0.12983642],[61568.0,0.0429],[61568.26,0.00243651],[61569.13,0.12983642],[61569.44,0.19821968],[61569.82,0.16241724],[61569.99,0.05680344],[61570.0,0.0429]]}
{"t":1782382793070,"b":[[61563.05,0.00564092],[61562.24,1.8e-05],[61561.44,0.04877229],[61561.43,0.12995149],[61561.31,0.00499993],[61560.05,0.1299544],[61558.8,1.8e-05],[61558.0,0.0429],[61557.38,0.06498002],[61556.3,0.04],[61556.29,0.16077331],[61556.28,0.04877229],[61555.37,0.01536498],[61555.36,1.8e-05],[61555.11,0.12983642],[61554.89,0.00497528],[61554.41,0.00333338],[61553.6,0.00995056],[61553.08,0.2202103],[61553.07,0.12983642]],"a":[[61563.06,1.36297833],[61563.08,0.03],[61563.56,0.00081217],[61563.63,0.14450263],[61564.0,0.0429],[61564.39,0.04412616],[61564.83,0.11212179],[61566.0,0.0429],[61566.13,0.22087678],[61566.14,0.12983642],[61566.48,0.12994084],[61567.4,0.06496851],[61568.0,0.0429],[61568.26,0.00243651],[61568.35,0.12983642],[61569.44,0.19821968],[61569.81,0.05680344],[61569.82,0.16241724],[61570.0,0.0429],[61570.39,0.12983642]]}
{"t":1782382794355,"b":[[61563.05,0.00564092],[61562.24,1.8e-05],[61561.44,0.04877229],[61561.43,0.12995149],[61561.31,0.00499993],[61560.05,0.1299544],[61558.8,1.8e-05],[61558.0,0.0429],[61557.38,0.06498002],[61556.3,0.04],[61556.29,0.16077331],[61556.28,0.04877229],[61555.37,0.01536498],[61555.36,1.8e-05],[61555.11,0.12983642],[61554.89,0.00497528],[61554.41,0.00333338],[61553.6,0.00995056],[61553.08,0.2202103],[61553.07,0.12983642]],"a":[[61563.06,1.36297833],[61563.08,0.03],[61563.56,0.00081217],[61563.63,0.14450263],[61564.0,0.0429],[61564.39,0.04412616],[61564.83,0.11212179],[61566.0,0.0429],[61566.13,0.22087678],[61566.14,0.12983642],[61566.48,0.12994084],[61567.4,0.06496851],[61568.0,0.0429],[61568.26,0.00243651],[61568.35,0.12983642],[61569.44,0.19821968],[61569.81,0.05680344],[61569.82,0.16241724],[61570.0,0.0429],[61570.39,0.12983642]]}
{"t":1782382795608,"b":[[61563.05,0.20564092],[61562.24,1.8e-05],[61561.44,0.04877229],[61561.31,0.00499993],[61560.39,0.04211696],[61560.05,0.1299544],[61558.8,1.8e-05],[61558.0,0.0429],[61557.9,0.16244867],[61556.34,0.10593544],[61556.28,0.04877229],[61555.67,0.01536498],[61555.66,0.12983642],[61555.36,1.8e-05],[61554.89,0.00497528],[61554.41,0.00333338],[61553.6,0.00995056],[61553.08,0.13520861],[61552.85,0.00162193],[61552.42,0.03116638]],"a":[[61563.06,0.95715603],[61563.07,0.00081217],[61563.08,0.03],[61563.61,0.23235979],[61563.62,0.12983642],[61563.74,0.1294498],[61564.0,0.0429],[61564.39,0.04412616],[61565.84,0.1299422],[61566.0,0.0429],[61566.13,0.22087678],[61566.14,0.12983642],[61568.0,0.0429],[61568.16,0.06496851],[61568.26,0.00243651],[61568.35,0.12983642],[61569.21,0.38460264],[61569.22,0.1575],[61569.81,0.05680344],[61569.82,0.16241724]]}
{"t":1782382796762,"b":[[61563.05,0.20564092],[61562.24,1.8e-05],[61561.44,0.04877229],[61561.31,0.00499993],[61560.39,0.04211696],[61560.05,0.1299544],[61558.8,1.8e-05],[61558.0,0.0429],[61557.9,0.16244867],[61556.34,0.10593544],[61556.28,0.04877229],[61555.67,0.01536498],[61555.66,0.12983642],[61555.36,1.8e-05],[61554.89,0.00497528],[61554.41,0.00333338],[61553.6,0.00995056],[61553.08,0.13520861],[61552.85,0.00162193],[61552.42,0.03116638]],"a":[[61563.06,0.95715603],[61563.07,0.00081217],[61563.08,0.03],[61563.61,0.23235979],[61563.62,0.12983642],[61563.74,0.1294498],[61564.0,0.0429],[61564.39,0.04412616],[61565.84,0.1299422],[61566.0,0.0429],[61566.13,0.22087678],[61566.14,0.12983642],[61568.0,0.0429],[61568.16,0.06496851],[61568.26,0.00243651],[61568.35,0.12983642],[61569.21,0.38460264],[61569.22,0.1575],[61569.81,0.05680344],[61569.82,0.16241724]]}
{"t":1782382798050,"b":[[61561.31,0.00709063],[61560.25,0.12995397],[61558.91,0.12995681],[61558.8,1.8e-05],[61558.43,0.12983642],[61558.42,0.06129116],[61558.0,0.0429],[61556.31,0.12983642],[61556.3,0.13757942],[61556.28,0.04877229],[61556.0,0.0429],[61555.37,0.01536498],[61555.36,1.8e-05],[61554.89,0.00497528],[61554.41,0.00333338],[61553.9,0.12983642],[61553.6,0.00995056],[61553.24,0.13520862],[61552.42,0.03116638],[61552.4,0.00162195]],"a":[[61561.32,0.80681604],[61561.34,0.03],[61561.36,0.08090303],[61561.37,0.09180379],[61562.0,0.0429],[61563.04,0.18541913],[61563.74,0.1294498],[61564.0,0.0429],[61564.39,0.04412616],[61565.83,0.04877229],[61565.94,0.00243659],[61566.0,0.0429],[61566.05,0.12994176],[61566.13,0.29195927],[61566.25,0.12983642],[61567.8,0.16242257],[61568.0,0.0429],[61568.35,0.12983642],[61569.12,1.8e-05],[61569.21,0.28763955]]}
{"t":1782382799315,"b":[[61561.31,0.00709063],[61560.25,0.12995397],[61558.91,0.12995681],[61558.8,1.8e-05],[61558.43,0.12983642],[61558.42,0.06129116],[61558.0,0.0429],[61556.31,0.12983642],[61556.3,0.13757942],[61556.28,0.04877229],[61556.0,0.0429],[61555.37,0.01536498],[61555.36,1.8e-05],[61554.89,0.00497528],[61554.41,0.00333338],[61553.9,0.12983642],[61553.6,0.00995056],[61553.24,0.13520862],[61552.42,0.03116638],[61552.4,0.00162195]],"a":[[61561.32,0.80681604],[61561.34,0.03],[61561.36,0.08090303],[61561.37,0.09180379],[61562.0,0.0429],[61563.04,0.18541913],[61563.74,0.1294498],[61564.0,0.0429],[61564.39,0.04412616],[61565.83,0.04877229],[61565.94,0.00243659],[61566.0,0.0429],[61566.05,0.12994176],[61566.13,0.29195927],[61566.25,0.12983642],[61567.8,0.16242257],[61568.0,0.0429],[61568.35,0.12983642],[61569.12,1.8e-05],[61569.21,0.28763955]]}
{"t":1782382800675,"b":[[61561.31,0.20003017],[61560.96,0.12995248],[61560.01,0.01536498],[61560.0,0.0429],[61558.93,0.04],[61558.92,0.05680344],[61558.91,0.12995681],[61558.8,1.8e-05],[61558.43,0.12983642],[61558.42,0.06129116],[61558.0,0.0429],[61556.32,0.28777695],[61556.31,0.12983642],[61556.28,0.04877229],[61556.0,0.04452186],[61555.36,1.8e-05],[61555.15,0.1575],[61554.89,0.00497528],[61554.41,0.00333338],[61553.9,0.12983642]],"a":[[61561.32,0.17955255],[61561.34,0.03],[61563.22,0.21217913],[61563.23,0.10098316],[61564.0,0.0429],[61564.39,0.04412616],[61564.69,0.12206301],[61565.94,0.00243659],[61566.0,0.0429],[61566.13,0.16752315],[61566.32,0.12983642],[61566.79,0.12994019],[61568.0,0.0429],[61569.12,1.8e-05],[61569.21,0.28763955],[61569.22,0.1575],[61570.0,0.0429],[61570.27,0.05680344],[61570.28,0.16241604],[61570.39,0.12983642]]}
{"t":1782382801883,"b":[[61561.31,0.20003017],[61560.96,0.12995248],[61560.01,0.01536498],[61560.0,0.0429],[61558.93,0.04],[61558.92,0.05680344],[61558.91,0.12995681],[61558.8,1.8e-05],[61558.43,0.12983642],[61558.42,0.06129116],[61558.0,0.0429],[61556.32,0.28777695],[61556.31,0.12983642],[61556.28,0.04877229],[61556.0,0.04452186],[61555.36,1.8e-05],[61555.15,0.1575],[61554.89,0.00497528],[61554.41,0.00333338],[61553.9,0.12983642]],"a":[[61561.32,0.17955255],[61561.34,0.03],[61563.22,0.21217913],[61563.23,0.10098316],[61564.0,0.0429],[61564.39,0.04412616],[61564.69,0.12206301],[61565.94,0.00243659],[61566.0,0.0429],[61566.13,0.16752315],[61566.32,0.12983642],[61566.79,0.12994019],[61568.0,0.0429],[61569.12,1.8e-05],[61569.21,0.28763955],[61569.22,0.1575],[61570.0,0.0429],[61570.27,0.05680344],[61570.28,0.16241604],[61570.39,0.12983642]]}
{"t":1782382803171,"b":[[61561.31,0.0070562],[61560.96,0.12995248],[61558.91,0.12995681],[61558.8,1.8e-05],[61558.42,0.06129116],[61558.0,0.0429],[61556.32,0.21342165],[61556.29,0.01536498],[61556.28,0.04877229],[61556.0,0.0429],[61555.36,1.8e-05],[61555.16,0.12983642],[61555.15,0.1575],[61554.89,0.00497528],[61554.41,0.00333338],[61554.19,0.00162191],[61553.6,0.00995056],[61553.24,0.11813656],[61552.18,0.12983642],[61551.98,0.00129971]],"a":[[61561.32,0.34720159],[61561.33,0.0435213],[61561.34,0.03],[61562.0,0.0429],[61563.22,0.21217913],[61563.23,0.10098316],[61564.0,0.0429],[61564.39,0.04412616],[61564.69,0.12206301],[61565.94,0.00243659],[61566.0,0.0429],[61566.06,0.12994172],[61566.13,0.16752315],[61566.32,0.12983642],[61566.79,0.12994019],[61568.0,0.0429],[61569.12,1.8e-05],[61569.21,0.28763955],[61569.22,0.1575],[61570.0,0.0429]]}
{"t":1782382804350,"b":[[61561.31,0.0070562],[61560.96,0.12995248],[61558.91,0.12995681],[61558.8,1.8e-05],[61558.42,0.06129116],[61558.0,0.0429],[61556.32,0.21342165],[61556.29,0.01536498],[61556.28,0.04877229],[61556.0,0.0429],[61555.36,1.8e-05],[61555.16,0.12983642],[61555.15,0.1575],[61554.89,0.00497528],[61554.41,0.00333338],[61554.19,0.00162191],[61553.6,0.00995056],[61553.24,0.11813656],[61552.18,0.12983642],[61551.98,0.00129971]],"a":[[61561.32,0.34720159],[61561.33,0.0435213],[61561.34,0.03],[61562.0,0.0429],[61563.22,0.21217913],[61563.23,0.10098316],[61564.0,0.0429],[61564.39,0.04412616],[61564.69,0.12206301],[61565.94,0.00243659],[61566.0,0.0429],[61566.06,0.12994172],[61566.13,0.16752315],[61566.32,0.12983642],[61566.79,0.12994019],[61568.0,0.0429],[61569.12,1.8e-05],[61569.21,0.28763955],[61569.22,0.1575],[61570.0,0.0429]]}
{"t":1782382805630,"b":[[61561.31,0.01202425],[61561.11,0.12995216],[61558.91,0.12995681],[61558.8,1.8e-05],[61558.42,0.06129116],[61556.69,0.00243659],[61556.28,0.04877229],[61556.0,0.0429],[61555.37,0.01536498],[61555.36,1.8e-05],[61555.17,0.04],[61555.16,0.12983642],[61554.9,0.03116638],[61554.89,0.00497528],[61554.41,0.00333338],[61553.6,0.00995056],[61553.24,0.11813656],[61552.24,0.00162196],[61552.18,0.12983642],[61551.98,0.00129971]],"a":[[61561.32,0.65347955],[61561.33,0.09821831],[61561.34,0.03],[61562.0,0.0429],[61562.7,0.1009399],[61563.22,0.1565329],[61564.0,0.0429],[61564.39,0.04412616],[61564.47,0.12983642],[61565.42,0.12994309],[61565.94,0.00243659],[61566.0,0.0429],[61566.13,0.16752315],[61566.32,0.12983642],[61566.79,0.12994019],[61568.0,0.0429],[61569.12,1.8e-05],[61569.21,0.28763955],[61569.22,0.1575],[61570.0,0.0429]]}
{"t":1782382806934,"b":[[61561.31,0.01202425],[61561.11,0.12995216],[61558.91,0.12995681],[61558.8,1.8e-05],[61558.42,0.06129116],[61556.69,0.00243659],[61556.28,0.04877229],[61556.0,0.0429],[61555.37,0.01536498],[61555.36,1.8e-05],[61555.17,0.04],[61555.16,0.12983642],[61554.9,0.03116638],[61554.89,0.00497528],[61554.41,0.00333338],[61553.6,0.00995056],[61553.24,0.11813656],[61552.24,0.00162196],[61552.18,0.12983642],[61551.98,0.00129971]],"a":[[61561.32,0.65347955],[61561.33,0.09821831],[61561.34,0.03],[61562.0,0.0429],[61562.7,0.1009399],[61563.22,0.1565329],[61564.0,0.0429],[61564.39,0.04412616],[61564.47,0.12983642],[61565.42,0.12994309],[61565.94,0.00243659],[61566.0,0.0429],[61566.13,0.16752315],[61566.32,0.12983642],[61566.79,0.12994019],[61568.0,0.0429],[61569.12,1.8e-05],[61569.21,0.28763955],[61569.22,0.1575],[61570.0,0.0429]]}
{"t":1782382810036,"b":[[61561.31,0.16177269],[61561.3,2e-05],[61561.11,0.12995216],[61558.92,0.01536498],[61558.91,0.12995681],[61558.8,1.8e-05],[61558.42,0.06129116],[61558.0,0.0429],[61556.69,0.00243659],[61556.28,0.04877229],[61556.01,0.22169677],[61556.0,0.0429],[61555.41,0.12983642],[61555.36,1.8e-05],[61555.15,0.1575],[61554.9,0.03116638],[61554.89,0.00497528],[61554.41,0.00333338],[61553.92,0.00162191],[61553.6,0.00995056]],"a":[[61561.32,0.34419081],[61561.33,0.0435213],[61561.34,0.03],[61562.0,0.0429],[61563.22,0.14643028],[61564.0,0.0429],[61564.39,0.04412616],[61565.94,0.00243659],[61565.97,0.04877229],[61565.99,0.12983642],[61566.0,0.0429],[61566.13,0.18697514],[61566.81,0.12994014],[61568.0,0.0429],[61568.46,0.12983642],[61569.02,0.16241936],[61569.12,1.8e-05],[61569.21,0.28763955],[61569.22,0.1575],[61570.0,0.0429]]}
{"t":1782382811192,"b":[[61561.31,0.16177269],[61561.3,2e-05],[61561.11,0.12995216],[61558.92,0.01536498],[61558.91,0.12995681],[61558.8,1.8e-05],[61558.42,0.06129116],[61558.0,0.0429],[61556.69,0.00243659],[61556.28,0.04877229],[61556.01,0.22169677],[61556.0,0.0429],[61555.41,0.12983642],[61555.36,1.8e-05],[61555.15,0.1575],[61554.9,0.03116638],[61554.89,0.00497528],[61554.41,0.00333338],[61553.92,0.00162191],[61553.6,0.00995056]],"a":[[61561.32,0.34419081],[61561.33,0.0435213],[61561.34,0.03],[61562.0,0.0429],[61563.22,0.14643028],[61564.0,0.0429],[61564.39,0.04412616],[61565.94,0.00243659],[61565.97,0.04877229],[61565.99,0.12983642],[61566.0,0.0429],[61566.13,0.18697514],[61566.81,0.12994014],[61568.0,0.0429],[61568.46,0.12983642],[61569.02,0.16241936],[61569.12,1.8e-05],[61569.21,0.28763955],[61569.22,0.1575],[61570.0,0.0429]]}
{"t":1782382812657,"b":[[61561.31,0.38926501],[61561.3,2e-05],[61560.01,0.01536498],[61560.0,0.0429],[61559.03,0.12995655],[61558.8,1.8e-05],[61558.43,0.19224384],[61558.42,0.06129116],[61558.0,0.0429],[61557.31,0.03118547],[61557.29,0.05680344],[61557.28,0.12983642],[61556.69,0.00243659],[61556.48,0.00162185],[61556.28,0.04877229],[61556.25,0.20212216],[61556.0,0.0429],[61555.41,0.12983642],[61555.36,1.8e-05],[61555.15,0.1575]],"a":[[61561.32,0.3341487],[61561.34,0.03],[61563.98,0.01536498],[61563.99,0.1565329],[61564.0,0.0429],[61564.39,0.04412616],[61565.43,0.12983642],[61565.94,0.00243659],[61566.0,0.0429],[61566.55,0.12994069],[61567.15,0.32124927],[61567.3,0.12983642],[61568.0,0.0429],[61569.12,1.8e-05],[61569.19,0.05680344],[61569.2,0.46298578],[61569.21,0.16241886],[61569.22,0.1575],[61570.0,0.0429],[61571.1,0.06496872]]}
{"t":1782382813878,"b":[[61561.31,0.38926501],[61561.3,2e-05],[61560.01,0.01536498],[61560.0,0.0429],[61559.03,0.12995655],[61558.8,1.8e-05],[61558.43,0.19224384],[61558.42,0.06129116],[61558.0,0.0429],[61557.31,0.03118547],[61557.29,0.05680344],[61557.28,0.12983642],[61556.69,0.00243659],[61556.48,0.00162185],[61556.28,0.04877229],[61556.25,0.20212216],[61556.0,0.0429],[61555.41,0.12983642],[61555.36,1.8e-05],[61555.15,0.1575]],"a":[[61561.32,0.3341487],[61561.34,0.03],[61563.98,0.01536498],[61563.99,0.1565329],[61564.0,0.0429],[61564.39,0.04412616],[61565.43,0.12983642],[61565.94,0.00243659],[61566.0,0.0429],[61566.55,0.12994069],[61567.15,0.32124927],[61567.3,0.12983642],[61568.0,0.0429],[61569.12,1.8e-05],[61569.19,0.05680344],[61569.2,0.46298578],[61569.21,0.16241886],[61569.22,0.1575],[61570.0,0.0429],[61571.1,0.06496872]]}
{"t":1782382815286,"b":[[61561.31,0.10501942],[61561.3,2e-05],[61558.8,1.8e-05],[61558.54,0.12995758],[61558.42,0.06129116],[61557.31,0.03118547],[61557.13,0.16245069],[61556.7,0.01537549],[61556.69,0.00243659],[61556.3,0.12983642],[61556.28,0.04877229],[61556.0,0.0429],[61555.36,1.8e-05],[61555.15,0.1575],[61554.89,0.00497528],[61554.41,0.00333338],[61553.6,0.00995056],[61553.24,0.11813656],[61552.15,0.12983642],[61551.98,0.00129971]],"a":[[61561.32,0.51126707],[61561.33,0.05269419],[61561.34,0.03],[61562.0,0.0429],[61563.22,0.37758458],[61563.23,0.1299477],[61563.56,0.04877229],[61563.58,0.12983642],[61564.0,0.0429],[61564.39,0.04412616],[61565.43,0.12983642],[61565.94,0.00243659],[61566.0,0.0429],[61566.48,0.16242605],[61567.15,0.32124927],[61567.3,0.12983642],[61568.0,0.0429],[61569.12,1.8e-05],[61569.19,0.05680344],[61569.2,0.36602172]]}
{"t":1782382816490,"b":[[61561.31,0.10501942],[61561.3,2e-05],[61558.8,1.8e-05],[61558.54,0.12995758],[61558.42,0.06129116],[61557.31,0.03118547],[61557.13,0.16245069],[61556.7,0.01537549],[61556.69,0.00243659],[61556.3,0.12983642],[61556.28,0.04877229],[61556.0,0.0429],[61555.36,1.8e-05],[61555.15,0.1575],[61554.89,0.00497528],[61554.41,0.00333338],[61553.6,0.00995056],[61553.24,0.11813656],[61552.15,0.12983642],[61551.98,0.00129971]],"a":[[61561.32,0.51126707],[61561.33,0.05269419],[61561.34,0.03],[61562.0,0.0429],[61563.22,0.37758458],[61563.23,0.1299477],[61563.56,0.04877229],[61563.58,0.12983642],[61564.0,0.0429],[61564.39,0.04412616],[61565.43,0.12983642],[61565.94,0.00243659],[61566.0,0.0429],[61566.48,0.16242605],[61567.15,0.32124927],[61567.3,0.12983642],[61568.0,0.0429],[61569.12,1.8e-05],[61569.19,0.05680344],[61569.2,0.36602172]]}
{"t":1782382817694,"b":[[61558.8,1.8e-05],[61558.42,0.06129116],[61557.66,0.12995943],[61556.71,0.04877229],[61555.37,0.01537549],[61555.36,1.8e-05],[61554.41,0.00333338],[61554.21,0.12983642],[61554.2,0.16245843],[61554.19,0.00243664],[61554.0,0.0429],[61552.65,0.12505994],[61552.28,0.00162196],[61551.98,0.00129971],[61551.92,1.8e-05],[61551.73,0.12983642],[61551.71,0.05680344],[61551.23,0.03118547],[61550.46,0.00304574],[61550.21,0.17629918]],"a":[[61558.81,0.77616617],[61560.0,0.0429],[61560.57,0.01537549],[61560.58,0.60318686],[61560.59,0.11895326],[61560.6,0.11895326],[61561.31,0.1213899],[61561.32,0.43073703],[61561.87,0.12995056],[61562.0,0.0429],[61563.19,0.27366248],[61563.2,0.12983642],[61563.98,0.04877229],[61564.0,0.0429],[61564.39,0.06171381],[61564.81,0.16243046],[61565.27,0.12983642],[61565.94,0.00243659],[61566.0,0.0429],[61566.77,0.22921862]]}
{"t":1782382818956,"b":[[61558.8,1.8e-05],[61558.42,0.06129116],[61557.66,0.12995943],[61556.71,0.04877229],[61555.37,0.01537549],[61555.36,1.8e-05],[61554.41,0.00333338],[61554.21,0.12983642],[61554.2,0.16245843],[61554.19,0.00243664],[61554.0,0.0429],[61552.65,0.12505994],[61552.28,0.00162196],[61551.98,0.00129971],[61551.92,1.8e-05],[61551.73,0.12983642],[61551.71,0.05680344],[61551.23,0.03118547],[61550.46,0.00304574],[61550.21,0.17629918]],"a":[[61558.81,0.77616617],[61560.0,0.0429],[61560.57,0.01537549],[61560.58,0.60318686],[61560.59,0.11895326],[61560.6,0.11895326],[61561.31,0.1213899],[61561.32,0.43073703],[61561.87,0.12995056],[61562.0,0.0429],[61563.19,0.27366248],[61563.2,0.12983642],[61563.98,0.04877229],[61564.0,0.0429],[61564.39,0.06171381],[61564.81,0.16243046],[61565.27,0.12983642],[61565.94,0.00243659],[61566.0,0.0429],[61566.77,0.22921862]]}
{"t":1782382820122,"b":[[61555.36,1.8e-05],[61554.76,0.01537549],[61554.75,0.12996558],[61554.41,0.00333338],[61554.31,0.04742241],[61552.18,0.16246376],[61551.98,0.00129971],[61551.92,1.8e-05],[61550.0,0.0429],[61549.98,0.12983642],[61548.48,1.8e-05],[61548.39,0.04877229],[61548.18,0.00162207],[61547.6,0.00999987],[61547.32,0.12983642],[61547.31,0.20468029],[61546.61,0.05680344],[61546.46,0.05450575],[61546.04,0.00841102],[61545.97,0.1575]],"a":[[61555.37,0.81603397],[61555.38,0.03],[61555.4,0.03],[61555.99,0.10506328],[61556.0,0.0429],[61558.42,0.00243676],[61558.74,0.13064867],[61560.0,0.0429],[61560.04,0.12995443],[61561.27,0.01537549],[61561.28,0.25693235],[61561.29,0.12983642],[61561.32,0.07982147],[61561.55,0.16243906],[61562.0,0.0429],[61563.19,0.27366248],[61563.2,0.12983642],[61563.42,0.0024367],[61563.94,0.06496902],[61563.98,0.04877229]]}
{"t":1782382821268,"b":[[61555.36,1.8e-05],[61554.76,0.01537549],[61554.75,0.12996558],[61554.41,0.00333338],[61554.31,0.04742241],[61552.18,0.16246376],[61551.98,0.00129971],[61551.92,1.8e-05],[61550.0,0.0429],[61549.98,0.12983642],[61548.48,1.8e-05],[61548.39,0.04877229],[61548.18,0.00162207],[61547.6,0.00999987],[61547.32,0.12983642],[61547.31,0.20468029],[61546.61,0.05680344],[61546.46,0.05450575],[61546.04,0.00841102],[61545.97,0.1575]],"a":[[61555.37,0.81603397],[61555.38,0.03],[61555.4,0.03],[61555.99,0.10506328],[61556.0,0.0429],[61558.42,0.00243676],[61558.74,0.13064867],[61560.0,0.0429],[61560.04,0.12995443],[61561.27,0.01537549],[61561.28,0.25693235],[61561.29,0.12983642],[61561.32,0.07982147],[61561.55,0.16243906],[61562.0,0.0429],[61563.19,0.27366248],[61563.2,0.12983642],[61563.42,0.0024367],[61563.94,0.06496902],[61563.98,0.04877229]]}
{"t":1782382822613,"b":[[61545.82,0.0306225],[61545.07,0.12998602],[61544.86,0.03249662],[61543.89,0.11239363],[61543.88,0.12998854],[61542.01,0.01537549],[61542.0,0.0429],[61540.83,0.30701528],[61540.43,0.12983642],[61540.0,0.0429],[61538.63,0.07439],[61538.43,0.12983642],[61538.16,1.8e-05],[61538.0,0.0429],[61536.56,0.24489102],[61536.55,0.12983642],[61536.49,0.04062135],[61536.48,0.1575],[61536.0,0.0429],[61535.95,0.06751965]],"a":[[61545.83,0.11043791],[61545.84,0.00243741],[61545.85,0.0097],[61546.0,0.0429],[61547.57,0.00081247],[61547.99,0.08947686],[61548.0,0.0429],[61548.19,0.04386501],[61549.63,0.0194],[61549.99,0.04],[61550.0,0.0429],[61550.84,0.00304686],[61551.77,0.12983642],[61551.78,0.23522356],[61551.92,0.04877229],[61551.93,0.1575],[61552.0,0.0429],[61552.07,0.12997127],[61553.64,0.12983642],[61553.8,0.04062135]]}
{"t":1782382823756,"b":[[61545.82,0.0306225],[61545.07,0.12998602],[61544.86,0.03249662],[61543.89,0.11239363],[61543.88,0.12998854],[61542.01,0.01537549],[61542.0,0.0429],[61540.83,0.30701528],[61540.43,0.12983642],[61540.0,0.0429],[61538.63,0.07439],[61538.43,0.12983642],[61538.16,1.8e-05],[61538.0,0.0429],[61536.56,0.24489102],[61536.55,0.12983642],[61536.49,0.04062135],[61536.48,0.1575],[61536.0,0.0429],[61535.95,0.06751965]],"a":[[61545.83,0.11043791],[61545.84,0.00243741],[61545.85,0.0097],[61546.0,0.0429],[61547.57,0.00081247],[61547.99,0.08947686],[61548.0,0.0429],[61548.19,0.04386501],[61549.63,0.0194],[61549.99,0.04],[61550.0,0.0429],[61550.84,0.00304686],[61551.77,0.12983642],[61551.78,0.23522356],[61551.92,0.04877229],[61551.93,0.1575],[61552.0,0.0429],[61552.07,0.12997127],[61553.64,0.12983642],[61553.8,0.04062135]]}
{"t":1782382825301,"b":[[61539.16,0.0306],[61538.17,0.09641689],[61538.16,0.18784402],[61536.0,0.0429],[61535.95,0.06751965],[61535.49,0.13000626],[61534.72,1.8e-05],[61534.0,0.0429],[61532.92,0.13001169],[61532.02,0.14176832],[61532.01,0.04877229],[61532.0,0.2004],[61531.28,1.8e-05],[61528.81,0.1184098],[61528.8,0.04062135],[61528.0,0.0025],[61527.84,1.8e-05],[61527.77,0.04],[61526.82,0.03119401],[61526.46,0.04877229]],"a":[[61539.97,0.01757414],[61539.98,0.17287549],[61539.99,0.0256113],[61540.0,0.0429],[61541.99,0.19499256],[61542.0,0.0429],[61542.49,0.06499751],[61543.41,0.04311445],[61544.0,0.0429],[61544.5,0.12998725],[61544.61,0.13826841],[61545.13,0.08939364],[61545.83,0.08506242],[61545.85,0.0097],[61546.0,0.0429],[61546.5,0.00243742],[61547.41,0.00081246],[61547.43,0.00129944],[61547.91,0.23731433],[61547.92,0.16247502]]}
{"t":1782382826433,"b":[[61539.16,0.0306],[61538.17,0.09641689],[61538.16,0.18784402],[61536.0,0.0429],[61535.95,0.06751965],[61535.49,0.13000626],[61534.72,1.8e-05],[61534.0,0.0429],[61532.92,0.13001169],[61532.02,0.14176832],[61532.01,0.04877229],[61532.0,0.2004],[61531.28,1.8e-05],[61528.81,0.1184098],[61528.8,0.04062135],[61528.0,0.0025],[61527.84,1.8e-05],[61527.77,0.04],[61526.82,0.03119401],[61526.46,0.04877229]],"a":[[61539.97,0.01757414],[61539.98,0.17287549],[61539.99,0.0256113],[61540.0,0.0429],[61541.99,0.19499256],[61542.0,0.0429],[61542.49,0.06499751],[61543.41,0.04311445],[61544.0,0.0429],[61544.5,0.12998725],[61544.61,0.13826841],[61545.13,0.08939364],[61545.83,0.08506242],[61545.85,0.0097],[61546.0,0.0429],[61546.5,0.00243742],[61547.41,0.00081246],[61547.43,0.00129944],[61547.91,0.23731433],[61547.92,0.16247502]]}
{"t":1782382828065,"b":[[61537.53,0.24043902],[61537.0,0.13741103],[61536.99,0.04877229],[61536.95,0.13000318],[61535.95,0.00108245],[61534.72,1.8e-05],[61534.02,0.04875024],[61534.01,0.18696025],[61534.0,0.0429],[61533.22,0.16251383],[61532.75,0.12983642],[61532.01,0.04877229],[61532.0,0.0429],[61531.28,1.8e-05],[61530.88,0.25166305],[61530.87,0.12983642],[61530.11,0.07467378],[61530.0,0.0429],[61529.79,0.1575],[61528.85,0.26733154]],"a":[[61537.54,0.09604183],[61538.0,0.0429],[61539.95,0.01537549],[61539.96,0.12983642],[61539.98,0.1575],[61540.0,0.0429],[61540.37,0.04382556],[61541.99,0.12200019],[61542.0,0.0429],[61542.71,0.12983642],[61544.0,0.0429],[61544.59,0.37509707],[61544.6,0.12983642],[61545.04,1.8e-05],[61545.14,0.1299859],[61545.7,0.06499457],[61545.81,0.04877229],[61545.83,0.01861828],[61545.85,0.0097],[61546.0,0.0429]]}
{"t":1782382829214,"b":[[61537.53,0.24043902],[61537.0,0.13741103],[61536.99,0.04877229],[61536.95,0.13000318],[61535.95,0.00108245],[61534.72,1.8e-05],[61534.02,0.04875024],[61534.01,0.18696025],[61534.0,0.0429],[61533.22,0.16251383],[61532.75,0.12983642],[61532.01,0.04877229],[61532.0,0.0429],[61531.28,1.8e-05],[61530.88,0.25166305],[61530.87,0.12983642],[61530.11,0.07467378],[61530.0,0.0429],[61529.79,0.1575],[61528.85,0.26733154]],"a":[[61537.54,0.09604183],[61538.0,0.0429],[61539.95,0.01537549],[61539.96,0.12983642],[61539.98,0.1575],[61540.0,0.0429],[61540.37,0.04382556],[61541.99,0.12200019],[61542.0,0.0429],[61542.71,0.12983642],[61544.0,0.0429],[61544.59,0.37509707],[61544.6,0.12983642],[61545.04,1.8e-05],[61545.14,0.1299859],[61545.7,0.06499457],[61545.81,0.04877229],[61545.83,0.01861828],[61545.85,0.0097],[61546.0,0.0429]]}
{"t":1782382830536,"b":[[61537.53,0.30529567],[61537.01,0.01537549],[61537.0,0.16375332],[61536.99,0.04877229],[61536.95,0.13000318],[61536.64,0.09443575],[61535.95,0.00108245],[61534.92,0.12983642],[61534.91,0.20985852],[61534.72,1.8e-05],[61534.02,0.04875024],[61533.22,0.16251383],[61532.75,0.12983642],[61532.01,0.04877229],[61532.0,0.0429],[61531.28,1.8e-05],[61530.88,0.25166305],[61530.87,0.12983642],[61530.41,0.07413],[61530.0,0.0429]],"a":[[61537.54,0.23090138],[61538.0,0.0429],[61539.99,0.01537549],[61540.0,0.0429],[61540.37,0.04382556],[61541.79,0.04],[61541.8,0.32560999],[61541.81,0.12983642],[61542.0,0.0429],[61542.16,0.00243753],[61543.67,0.12983642],[61543.7,0.1575],[61544.0,0.0429],[61544.59,0.3889012],[61544.61,0.12998702],[61545.04,1.8e-05],[61545.64,0.04875024],[61545.65,0.04877229],[61545.66,0.12983642],[61545.83,0.01861828]]}
{"t":1782382831715,"b":[[61537.53,0.30529567],[61537.01,0.01537549],[61537.0,0.16375332],[61536.99,0.04877229],[61536.95,0.13000318],[61536.64,0.09443575],[61535.95,0.00108245],[61534.92,0.12983642],[61534.91,0.20985852],[61534.72,1.8e-05],[61534.02,0.04875024],[61533.22,0.16251383],[61532.75,0.12983642],[61532.01,0.04877229],[61532.0,0.0429],[61531.28,1.8e-05],[61530.88,0.25166305],[61530.87,0.12983642],[61530.41,0.07413],[61530.0,0.0429]],"a":[[61537.54,0.23090138],[61538.0,0.0429],[61539.99,0.01537549],[61540.0,0.0429],[61540.37,0.04382556],[61541.79,0.04],[61541.8,0.32560999],[61541.81,0.12983642],[61542.0,0.0429],[61542.16,0.00243753],[61543.67,0.12983642],[61543.7,0.1575],[61544.0,0.0429],[61544.59,0.3889012],[61544.61,0.12998702],[61545.04,1.8e-05],[61545.64,0.04875024],[61545.65,0.04877229],[61545.66,0.12983642],[61545.83,0.01861828]]}
{"t":1782382833102,"b":[[61545.03,0.12659704],[61544.0,0.12998828],[61543.91,0.06498471],[61542.81,0.04877229],[61542.0,0.0429],[61540.03,0.20308218],[61540.02,0.12983642],[61540.0,0.0429],[61539.99,0.00493793],[61539.67,0.1624968],[61538.01,0.01537549],[61538.0,0.0429],[61537.58,0.12983642],[61537.57,0.43635793],[61537.53,0.00013178],[61536.96,0.03250079],[61536.87,0.03119401],[61536.7,0.074],[61536.64,0.09443575],[61536.0,0.0429]],"a":[[61545.04,1.8e-05],[61545.83,0.01861828],[61545.85,0.0097],[61546.0,0.0429],[61547.41,0.00081246],[61547.99,0.13750344],[61548.0,0.0429],[61548.48,1.8e-05],[61549.32,0.12983642],[61549.63,0.0194],[61550.0,0.0529],[61551.36,0.34266854],[61551.37,0.12997274],[61551.79,0.12983642],[61551.8,0.04877229],[61551.92,1.8e-05],[61551.93,0.1575],[61552.0,0.0429],[61553.14,0.06498471],[61553.96,0.01537549]]}
{"t":1782382834318,"b":[[61545.03,0.12659704],[61544.0,0.12998828],[61543.91,0.06498471],[61542.81,0.04877229],[61542.0,0.0429],[61540.03,0.20308218],[61540.02,0.12983642],[61540.0,0.0429],[61539.99,0.00493793],[61539.67,0.1624968],[61538.01,0.01537549],[61538.0,0.0429],[61537.58,0.12983642],[61537.57,0.43635793],[61537.53,0.00013178],[61536.96,0.03250079],[61536.87,0.03119401],[61536.7,0.074],[61536.64,0.09443575],[61536.0,0.0429]],"a":[[61545.04,1.8e-05],[61545.83,0.01861828],[61545.85,0.0097],[61546.0,0.0429],[61547.41,0.00081246],[61547.99,0.13750344],[61548.0,0.0429],[61548.48,1.8e-05],[61549.32,0.12983642],[61549.63,0.0194],[61550.0,0.0529],[61551.36,0.34266854],[61551.37,0.12997274],[61551.79,0.12983642],[61551.8,0.04877229],[61551.92,1.8e-05],[61551.93,0.1575],[61552.0,0.0429],[61553.14,0.06498471],[61553.96,0.01537549]]}
{"t":1782382835786,"b":[[61545.03,0.2698308],[61545.01,0.12998615],[61544.85,0.06498471],[61543.96,0.09],[61542.82,0.01537549],[61542.81,0.04877229],[61542.01,0.12983642],[61542.0,0.0429],[61541.69,0.16249146],[61540.73,0.10111829],[61540.41,0.00243723],[61540.0,0.0429],[61539.65,0.12983642],[61538.0,0.0429],[61537.6,0.12983642],[61537.59,0.24317221],[61537.57,0.09752253],[61537.53,0.00013178],[61537.31,0.00168581],[61536.7,0.074]],"a":[[61545.04,0.05024469],[61545.85,0.0097],[61546.0,0.0429],[61547.99,0.06878515],[61548.0,0.0429],[61548.48,1.8e-05],[61549.63,0.0194],[61549.99,0.04],[61550.0,0.0529],[61551.16,0.04],[61551.17,0.37591304],[61551.18,0.12983642],[61551.2,0.1575],[61551.29,0.12997291],[61551.91,0.01537549],[61551.92,1.8e-05],[61552.0,0.0429],[61552.91,0.1299695],[61553.92,0.28329027],[61553.93,0.12983642]]}
{"t":1782382836982,"b":[[61545.03,0.2698308],[61545.01,0.12998615],[61544.85,0.06498471],[61543.96,0.09],[61542.82,0.01537549],[61542.81,0.04877229],[61542.01,0.12983642],[61542.0,0.0429],[61541.69,0.16249146],[61540.73,0.10111829],[61540.41,0.00243723],[61540.0,0.0429],[61539.65,0.12983642],[61538.0,0.0429],[61537.6,0.12983642],[61537.59,0.24317221],[61537.57,0.09752253],[61537.53,0.00013178],[61537.31,0.00168581],[61536.7,0.074]],"a":[[61545.04,0.05024469],[61545.85,0.0097],[61546.0,0.0429],[61547.99,0.06878515],[61548.0,0.0429],[61548.48,1.8e-05],[61549.63,0.0194],[61549.99,0.04],[61550.0,0.0529],[61551.16,0.04],[61551.17,0.37591304],[61551.18,0.12983642],[61551.2,0.1575],[61551.29,0.12997291],[61551.91,0.01537549],[61551.92,1.8e-05],[61552.0,0.0429],[61552.91,0.1299695],[61553.92,0.28329027],[61553.93,0.12983642]]}
{"t":1782382838300,"b":[[61537.53,0.00013178],[61536.23,0.04018636],[61535.95,0.00108245],[61535.31,0.03250167],[61534.72,1.8e-05],[61532.0,0.0429],[61531.28,1.8e-05],[61530.0,0.0529],[61528.09,0.1575],[61528.0,0.0025],[61527.84,1.8e-05],[61527.7,0.16252841],[61525.7,0.05811382],[61525.0,0.01],[61524.4,1.8e-05],[61521.39,0.09752253],[61521.33,0.1575],[61520.96,1.8e-05],[61520.0,0.01],[61519.95,0.03250978]],"a":[[61538.6,0.40001781],[61538.87,0.10000379],[61540.0,0.0429],[61540.41,0.17379483],[61540.42,0.13246712],[61541.02,0.17379483],[61541.03,0.08369483],[61541.32,0.03057463],[61541.33,0.18064885],[61541.95,0.21975487],[61542.0,0.0429],[61545.02,0.61446124],[61545.03,0.05537549],[61545.04,0.048887],[61545.85,0.0097],[61545.95,0.09752253],[61545.97,0.12983642],[61546.0,0.0429],[61547.97,0.20897336],[61547.98,0.12983642]]}
{"t":1782382839457,"b":[[61537.53,0.00013178],[61536.23,0.04018636],[61535.95,0.00108245],[61535.31,0.03250167],[61534.72,1.8e-05],[61532.0,0.0429],[61531.28,1.8e-05],[61530.0,0.0529],[61528.09,0.1575],[61528.0,0.0025],[61527.84,1.8e-05],[61527.7,0.16252841],[61525.7,0.05811382],[61525.0,0.01],[61524.4,1.8e-05],[61521.39,0.09752253],[61521.33,0.1575],[61520.96,1.8e-05],[61520.0,0.01],[61519.95,0.03250978]],"a":[[61538.6,0.40001781],[61538.87,0.10000379],[61540.0,0.0429],[61540.41,0.17379483],[61540.42,0.13246712],[61541.02,0.17379483],[61541.03,0.08369483],[61541.32,0.03057463],[61541.33,0.18064885],[61541.95,0.21975487],[61542.0,0.0429],[61545.02,0.61446124],[61545.03,0.05537549],[61545.04,0.048887],[61545.85,0.0097],[61545.95,0.09752253],[61545.97,0.12983642],[61546.0,0.0429],[61547.97,0.20897336],[61547.98,0.12983642]]}
{"t":1782382840727,"b":[[61529.99,0.00169153],[61529.04,9.296e-05],[61528.0,0.00253539],[61527.84,1.8e-05],[61524.4,1.8e-05],[61524.0,0.0429],[61523.77,0.12983642],[61522.54,0.13003363],[61522.32,0.03119401],[61521.88,0.14171404],[61521.87,0.12983642],[61521.86,0.04875024],[61521.85,0.04877229],[61520.96,1.8e-05],[61520.0,0.01],[61519.6,0.19385297],[61519.59,0.12983642],[61518.92,0.1625516],[61517.57,0.12983642],[61517.52,1.8e-05]],"a":[[61530.0,0.6025735],[61530.02,0.03],[61530.89,0.01537549],[61530.9,0.13001599],[61531.95,0.16529987],[61531.96,0.04],[61531.99,0.00081261],[61532.0,0.0429],[61532.1,0.12983642],[61533.05,0.18219584],[61533.06,0.13001142],[61533.95,0.12983642],[61534.0,0.0429],[61534.62,0.00243783],[61535.31,0.06500355],[61535.98,0.17328586],[61535.99,0.12983642],[61536.0,0.0429],[61537.08,0.04550665],[61537.54,0.0291]]}
{"t":1782382842033,"b":[[61529.99,0.00169153],[61529.04,9.296e-05],[61528.0,0.00253539],[61527.84,1.8e-05],[61524.4,1.8e-05],[61524.0,0.0429],[61523.77,0.12983642],[61522.54,0.13003363],[61522.32,0.03119401],[61521.88,0.14171404],[61521.87,0.12983642],[61521.86,0.04875024],[61521.85,0.04877229],[61520.96,1.8e-05],[61520.0,0.01],[61519.6,0.19385297],[61519.59,0.12983642],[61518.92,0.1625516],[61517.57,0.12983642],[61517.52,1.8e-05]],"a":[[61530.0,0.6025735],[61530.02,0.03],[61530.89,0.01537549],[61530.9,0.13001599],[61531.95,0.16529987],[61531.96,0.04],[61531.99,0.00081261],[61532.0,0.0429],[61532.1,0.12983642],[61533.05,0.18219584],[61533.06,0.13001142],[61533.95,0.12983642],[61534.0,0.0429],[61534.62,0.00243783],[61535.31,0.06500355],[61535.98,0.17328586],[61535.99,0.12983642],[61536.0,0.0429],[61537.08,0.04550665],[61537.54,0.0291]]}
{"t":1782382843236,"b":[[61517.52,0.00086393],[61516.63,0.04877229],[61516.61,0.00460479],[61515.56,0.13004837],[61515.48,0.03251214],[61515.45,0.03251216],[61514.37,0.02562205],[61514.08,1.8e-05],[61514.0,0.0429],[61513.69,0.35570753],[61512.56,0.04875024],[61512.42,0.02889448],[61512.39,0.16256886],[61512.0,0.0429],[61511.32,0.04877229],[61510.84,0.12983642],[61510.64,1.8e-05],[61510.62,0.10302642],[61508.88,0.12983642],[61508.84,0.03119401]],"a":[[61517.6,0.01645353],[61517.61,0.24039104],[61517.62,0.08289104],[61518.0,0.0429],[61520.0,0.0429],[61520.95,0.12983642],[61520.96,0.23611191],[61520.97,0.12517097],[61522.0,0.0429],[61522.39,0.04877229],[61522.66,0.09739241],[61523.5,0.29021878],[61523.67,0.01537549],[61523.68,0.04469935],[61523.86,0.00081276],[61524.0,0.0429],[61524.41,0.0097],[61524.61,0.00243828],[61524.66,0.0194],[61524.74,0.06501158]]}
{"t":1782382844435,"b":[[61517.52,0.00086393],[61516.63,0.04877229],[61516.61,0.00460479],[61515.56,0.13004837],[61515.48,0.03251214],[61515.45,0.03251216],[61514.37,0.02562205],[61514.08,1.8e-05],[61514.0,0.0429],[61513.69,0.35570753],[61512.56,0.04875024],[61512.42,0.02889448],[61512.39,0.16256886],[61512.0,0.0429],[61511.32,0.04877229],[61510.84,0.12983642],[61510.64,1.8e-05],[61510.62,0.10302642],[61508.88,0.12983642],[61508.84,0.03119401]],"a":[[61517.6,0.01645353],[61517.61,0.24039104],[61517.62,0.08289104],[61518.0,0.0429],[61520.0,0.0429],[61520.95,0.12983642],[61520.96,0.23611191],[61520.97,0.12517097],[61522.0,0.0429],[61522.39,0.04877229],[61522.66,0.09739241],[61523.5,0.29021878],[61523.67,0.01537549],[61523.68,0.04469935],[61523.86,0.00081276],[61524.0,0.0429],[61524.41,0.0097],[61524.61,0.00243828],[61524.66,0.0194],[61524.74,0.06501158]]}
{"t":1782382845759,"b":[[61504.71,0.1645381],[61502.33,0.1108384],[61502.32,0.03251784],[61501.69,0.01537549],[61501.68,0.13007773],[61500.63,0.21005021],[61500.01,0.04877229],[61500.0,0.0429],[61498.83,0.0975535],[61498.59,0.13008426],[61498.01,0.00043757],[61498.0,0.0429],[61497.67,0.25257333],[61497.66,0.03252156],[61496.88,1.8e-05],[61496.54,0.03252216],[61496.48,0.0975535],[61496.47,0.03251784],[61496.43,0.03252221],[61496.03,0.06006]],"a":[[61504.72,0.17275351],[61504.74,0.03],[61505.98,0.0097],[61506.0,0.0429],[61507.2,1.8e-05],[61507.57,0.05846328],[61508.0,0.0429],[61508.06,0.06540043],[61508.39,0.0975535],[61509.33,0.01537549],[61509.34,0.00243883],[61509.55,0.04446418],[61509.96,0.06743005],[61509.97,0.00081294],[61510.0,0.0429],[61510.5,0.13005909],[61510.85,0.2403591],[61510.86,0.0975535],[61510.88,0.1575],[61511.48,0.06504505]]}
{"t":1782382846955,"b":[[61504.71,9.3e-05],[61502.33,0.01944334],[61502.32,0.03251784],[61500.64,0.01537549],[61500.63,0.13456937],[61500.03,0.0975535],[61500.01,0.04877229],[61500.0,0.0429],[61499.82,0.13008167],[61498.01,0.00043757],[61498.0,0.0429],[61497.93,0.31684739],[61497.75,0.0975535],[61496.88,1.8e-05],[61496.47,0.03251784],[61496.43,0.03252221],[61496.0,0.0429],[61495.9,0.0325225],[61495.72,0.16261291],[61494.49,0.07343]],"a":[[61504.72,0.4928273],[61504.74,0.03],[61505.98,0.0097],[61506.0,0.0429],[61507.19,0.01537549],[61507.2,1.8e-05],[61507.57,0.05846328],[61507.91,0.00081294],[61507.99,0.0975535],[61508.0,0.0429],[61508.03,0.13006432],[61508.05,0.22022335],[61509.34,0.00243883],[61509.4,0.13006142],[61509.55,0.04446418],[61509.96,0.06743005],[61510.0,0.0429],[61510.58,0.06502504],[61510.85,0.2403591],[61510.86,0.0975535]]}
{"t":1782382848677,"b":[[61490.23,0.30189044],[61490.22,0.00362433],[61490.0,0.042918],[61489.49,0.00500046],[61488.98,0.00499997],[61488.0,0.0429],[61487.62,0.13010747],[61487.0,0.00999986],[61486.99,0.00499994],[61486.56,1.8e-05],[61486.28,0.00499999],[61486.0,0.0429],[61484.88,0.14111308],[61484.87,0.13011329],[61484.33,0.0003245],[61483.41,0.06503567],[61483.12,1.8e-05],[61482.97,2.033e-05],[61479.68,1.8e-05],[61479.24,0.02439254]],"a":[[61490.24,0.03],[61491.95,0.0458864],[61493.98,0.01537549],[61494.0,0.0429],[61494.22,0.00869793],[61495.41,0.14117064],[61496.0,0.0429],[61496.38,0.1575],[61496.48,0.00081312],[61497.05,0.00243936],[61498.0,0.0429],[61498.15,0.00129944],[61498.95,0.23624675],[61499.31,0.13008276],[61500.0,0.0429],[61500.32,1.8e-05],[61500.39,0.16260059],[61501.98,0.06503567],[61501.99,0.14526085],[61502.0,0.0429]]}
{"t":1782382849953,"b":[[61490.23,0.30189044],[61490.22,0.00362433],[61490.0,0.042918],[61489.49,0.00500046],[61488.98,0.00499997],[61488.0,0.0429],[61487.62,0.13010747],[61487.0,0.00999986],[61486.99,0.00499994],[61486.56,1.8e-05],[61486.28,0.00499999],[61486.0,0.0429],[61484.88,0.14111308],[61484.87,0.13011329],[61484.33,0.0003245],[61483.41,0.06503567],[61483.12,1.8e-05],[61482.97,2.033e-05],[61479.68,1.8e-05],[61479.24,0.02439254]],"a":[[61490.24,0.03],[61491.95,0.0458864],[61493.98,0.01537549],[61494.0,0.0429],[61494.22,0.00869793],[61495.41,0.14117064],[61496.0,0.0429],[61496.38,0.1575],[61496.48,0.00081312],[61497.05,0.00243936],[61498.0,0.0429],[61498.15,0.00129944],[61498.95,0.23624675],[61499.31,0.13008276],[61500.0,0.0429],[61500.32,1.8e-05],[61500.39,0.16260059],[61501.98,0.06503567],[61501.99,0.14526085],[61502.0,0.0429]]}
{"t":1782382851277,"b":[[61490.22,0.00362433],[61490.0,1.8e-05],[61489.49,0.00500046],[61489.11,0.06503567],[61488.98,0.00499997],[61488.01,0.15407409],[61487.19,0.0325271],[61487.14,0.1301085],[61487.08,0.03252716],[61487.0,0.00999986],[61486.99,0.00499994],[61486.56,1.8e-05],[61486.28,0.00499999],[61485.84,0.19464348],[61484.42,0.16264282],[61484.33,0.0003245],[61484.01,0.02439283],[61484.0,0.06503567],[61483.12,1.8e-05],[61482.97,2.033e-05]],"a":[[61491.99,0.00822677],[61492.0,0.3907175],[61493.94,0.0975535],[61493.98,0.00081309],[61494.0,0.0429],[61494.22,5.858e-05],[61495.42,0.0650384],[61495.72,0.01537549],[61495.73,0.13009034],[61495.94,0.0975535],[61495.96,0.0683305],[61496.0,0.0429],[61496.58,0.04341473],[61497.21,0.06503567],[61497.22,0.0575902],[61497.43,0.07691044],[61498.0,0.0429],[61498.47,0.0975535],[61498.48,0.13508609],[61498.83,0.00243929]]}
{"t":1782382852616,"b":[[61490.22,0.00362433],[61490.0,1.8e-05],[61489.49,0.00500046],[61489.11,0.06503567],[61488.98,0.00499997],[61488.01,0.15407409],[61487.19,0.0325271],[61487.14,0.1301085],[61487.08,0.03252716],[61487.0,0.00999986],[61486.99,0.00499994],[61486.56,1.8e-05],[61486.28,0.00499999],[61485.84,0.19464348],[61484.42,0.16264282],[61484.33,0.0003245],[61484.01,0.02439283],[61484.0,0.06503567],[61483.12,1.8e-05],[61482.97,2.033e-05]],"a":[[61491.99,0.00822677],[61492.0,0.3907175],[61493.94,0.0975535],[61493.98,0.00081309],[61494.0,0.0429],[61494.22,5.858e-05],[61495.42,0.0650384],[61495.72,0.01537549],[61495.73,0.13009034],[61495.94,0.0975535],[61495.96,0.0683305],[61496.0,0.0429],[61496.58,0.04341473],[61497.21,0.06503567],[61497.22,0.0575902],[61497.43,0.07691044],[61498.0,0.0429],[61498.47,0.0975535],[61498.48,0.13508609],[61498.83,0.00243929]]}
{"t":1782382853860,"b":[[61497.21,0.30415909],[61496.32,0.05338917],[61496.31,0.06503567],[61496.3,0.02439342],[61494.52,0.0975535],[61494.51,0.1495828],[61494.21,0.13009354],[61494.0,0.0429],[61492.59,0.00243913],[61492.35,0.0975535],[61492.01,0.12179862],[61492.0,0.0429],[61491.22,0.00134782],[61490.34,0.0975535],[61490.22,0.00362433],[61490.03,0.02439342],[61490.02,0.06503567],[61490.0,0.042918],[61489.49,0.00500046],[61489.05,0.14422933]],"a":[[61497.22,0.19255862],[61497.43,0.07691044],[61500.0,0.0429],[61500.16,0.04113307],[61500.32,1.8e-05],[61500.53,0.05950205],[61500.63,0.0097],[61502.0,0.0429],[61502.56,0.01537549],[61502.57,0.0975535],[61503.35,0.12882871],[61503.37,0.1575],[61503.76,1.8e-05],[61504.0,0.0429],[61504.72,0.01580166],[61504.84,0.0975535],[61504.85,0.22554619],[61505.0,0.01],[61505.13,0.06502906],[61505.91,0.13006881]]}
{"t":1782382855196,"b":[[61497.21,0.30415909],[61496.32,0.05338917],[61496.31,0.06503567],[61496.3,0.02439342],[61494.52,0.0975535],[61494.51,0.1495828],[61494.21,0.13009354],[61494.0,0.0429],[61492.59,0.00243913],[61492.35,0.0975535],[61492.01,0.12179862],[61492.0,0.0429],[61491.22,0.00134782],[61490.34,0.0975535],[61490.22,0.00362433],[61490.03,0.02439342],[61490.02,0.06503567],[61490.0,0.042918],[61489.49,0.00500046],[61489.05,0.14422933]],"a":[[61497.22,0.19255862],[61497.43,0.07691044],[61500.0,0.0429],[61500.16,0.04113307],[61500.32,1.8e-05],[61500.53,0.05950205],[61500.63,0.0097],[61502.0,0.0429],[61502.56,0.01537549],[61502.57,0.0975535],[61503.35,0.12882871],[61503.37,0.1575],[61503.76,1.8e-05],[61504.0,0.0429],[61504.72,0.01580166],[61504.84,0.0975535],[61504.85,0.22554619],[61505.0,0.01],[61505.13,0.06502906],[61505.91,0.13006881]]}
{"t":1782382856388,"b":[[61507.19,0.80782161],[61507.18,0.03],[61507.16,0.03],[61506.46,0.07765039],[61506.45,0.13006765],[61504.02,0.0975535],[61504.01,0.26886391],[61504.0,0.0429],[61503.99,0.13007284],[61503.97,0.08234228],[61503.95,0.0657041],[61503.23,0.06503567],[61502.63,0.04200612],[61502.07,0.02439342],[61502.0,0.0429],[61501.49,0.0975535],[61501.28,0.35216188],[61501.03,0.1575],[61500.32,0.00331147],[61500.05,0.07294]],"a":[[61507.2,0.12452906],[61507.63,0.0097],[61510.0,0.01],[61510.64,1.8e-05],[61511.31,0.0194],[61511.7,0.06052995],[61512.0,0.0429],[61513.35,0.0975535],[61514.08,1.8e-05],[61514.13,0.06163504],[61515.0,0.01],[61515.36,0.0975535],[61515.37,0.06503567],[61516.75,0.06501987],[61517.34,0.26523749],[61517.35,0.0975535],[61517.52,0.13006226],[61518.84,0.01537549],[61518.85,0.13004145],[61519.22,0.0975535]]}
{"t":1782382857566,"b":[[61507.19,0.80782161],[61507.18,0.03],[61507.16,0.03],[61506.46,0.07765039],[61506.45,0.13006765],[61504.02,0.0975535],[61504.01,0.26886391],[61504.0,0.0429],[61503.99,0.13007284],[61503.97,0.08234228],[61503.95,0.0657041],[61503.23,0.06503567],[61502.63,0.04200612],[61502.07,0.02439342],[61502.0,0.0429],[61501.49,0.0975535],[61501.28,0.35216188],[61501.03,0.1575],[61500.32,0.00331147],[61500.05,0.07294]],"a":[[61507.2,0.12452906],[61507.63,0.0097],[61510.0,0.01],[61510.64,1.8e-05],[61511.31,0.0194],[61511.7,0.06052995],[61512.0,0.0429],[61513.35,0.0975535],[61514.08,1.8e-05],[61514.13,0.06163504],[61515.0,0.01],[61515.36,0.0975535],[61515.37,0.06503567],[61516.75,0.06501987],[61517.34,0.26523749],[61517.35,0.0975535],[61517.52,0.13006226],[61518.84,0.01537549],[61518.85,0.13004145],[61519.22,0.0975535]]}
{"t":1782382858846,"b":[[61503.97,0.08234228],[61503.96,0.03],[61503.94,0.03],[61503.48,0.02],[61503.3,0.04],[61501.14,0.01537549],[61501.13,0.13007889],[61500.55,0.00237696],[61500.32,1.8e-05],[61500.01,0.06503567],[61499.8,0.1300817],[61498.0,0.0429],[61496.88,1.8e-05],[61496.59,0.14679784],[61496.58,0.0975535],[61496.55,0.02439342],[61496.54,0.08104561],[61496.0,0.0429],[61495.0,0.01],[61494.96,0.17186436]],"a":[[61503.98,0.34020614],[61504.0,0.0429],[61505.98,0.01537549],[61505.99,0.08385074],[61506.0,0.0429],[61507.19,0.0975535],[61507.63,0.0097],[61508.0,0.0429],[61508.09,0.32276855],[61508.1,0.13006417],[61509.34,0.06503567],[61509.36,0.0975535],[61509.92,0.06502056],[61510.0,0.0529],[61510.58,0.13005893],[61510.64,1.8e-05],[61511.31,0.0194],[61511.41,0.0975535],[61511.69,0.22857749],[61511.7,0.06052995]]}
{"t":1782382860204,"b":[[61503.97,0.08234228],[61503.96,0.03],[61503.94,0.03],[61503.48,0.02],[61503.3,0.04],[61501.14,0.01537549],[61501.13,0.13007889],[61500.55,0.00237696],[61500.32,1.8e-05],[61500.01,0.06503567],[61499.8,0.1300817],[61498.0,0.0429],[61496.88,1.8e-05],[61496.59,0.14679784],[61496.58,0.0975535],[61496.55,0.02439342],[61496.54,0.08104561],[61496.0,0.0429],[61495.0,0.01],[61494.96,0.17186436]],"a":[[61503.98,0.34020614],[61504.0,0.0429],[61505.98,0.01537549],[61505.99,0.08385074],[61506.0,0.0429],[61507.19,0.0975535],[61507.63,0.0097],[61508.0,0.0429],[61508.09,0.32276855],[61508.1,0.13006417],[61509.34,0.06503567],[61509.36,0.0975535],[61509.92,0.06502056],[61510.0,0.0529],[61510.58,0.13005893],[61510.64,1.8e-05],[61511.31,0.0194],[61511.41,0.0975535],[61511.69,0.22857749],[61511.7,0.06052995]]}
{"t":1782382861489,"b":[[61503.96,0.13206051],[61503.94,0.03],[61503.56,0.13007375],[61502.82,0.0882532],[61502.81,0.13007535],[61501.96,0.06502595],[61501.5,0.01537549],[61501.49,0.00237696],[61501.01,0.16898114],[61500.48,0.05894495],[61500.32,1.8e-05],[61500.01,0.06503567],[61500.0,0.0429],[61499.22,0.05112591],[61498.11,0.0975535],[61498.01,0.12403566],[61498.0,0.0429],[61496.88,1.8e-05],[61496.55,0.02439342],[61496.0,0.0429]],"a":[[61503.97,0.15121887],[61503.98,0.00822682],[61506.0,0.0429],[61507.04,0.08352112],[61507.63,0.0097],[61507.99,0.05720335],[61508.0,0.0429],[61510.0,0.0529],[61510.64,1.8e-05],[61511.18,0.06502595],[61511.19,0.0975535],[61511.2,0.20665024],[61511.31,0.0194],[61512.0,0.0429],[61512.26,0.13005539],[61513.17,0.0975535],[61513.35,0.02439342],[61513.36,0.1575],[61513.82,0.10035352],[61514.08,1.8e-05]]}
{"t":1782382862647,"b":[[61503.96,0.13206051],[61503.94,0.03],[61503.56,0.13007375],[61502.82,0.0882532],[61502.81,0.13007535],[61501.96,0.06502595],[61501.5,0.01537549],[61501.49,0.00237696],[61501.01,0.16898114],[61500.48,0.05894495],[61500.32,1.8e-05],[61500.01,0.06503567],[61500.0,0.0429],[61499.22,0.05112591],[61498.11,0.0975535],[61498.01,0.12403566],[61498.0,0.0429],[61496.88,1.8e-05],[61496.55,0.02439342],[61496.0,0.0429]],"a":[[61503.97,0.15121887],[61503.98,0.00822682],[61506.0,0.0429],[61507.04,0.08352112],[61507.63,0.0097],[61507.99,0.05720335],[61508.0,0.0429],[61510.0,0.0529],[61510.64,1.8e-05],[61511.18,0.06502595],[61511.19,0.0975535],[61511.2,0.20665024],[61511.31,0.0194],[61512.0,0.0429],[61512.26,0.13005539],[61513.17,0.0975535],[61513.35,0.02439342],[61513.36,0.1575],[61513.82,0.10035352],[61514.08,1.8e-05]]}
{"t":1782382863889,"b":[[61513.98,0.04369297],[61513.96,0.03],[61512.72,0.13005438],[61511.99,0.01537549],[61511.98,3.282e-05],[61511.92,0.125252],[61511.91,0.06503567],[61510.98,0.0975535],[61510.83,0.06580966],[61510.01,0.2273582],[61510.0,0.0429],[61509.99,0.00187758],[61509.84,0.06501877],[61509.36,0.00243846],[61509.09,0.0975535],[61508.35,0.16257953],[61508.0,0.0429],[61507.2,0.19215578],[61507.19,0.12194692],[61506.83,0.07265]],"a":[[61513.99,0.26429861],[61514.0,0.11490379],[61514.08,1.8e-05],[61515.84,0.04250534],[61516.0,0.0429],[61516.47,0.0975535],[61517.45,0.18541847],[61517.52,1.8e-05],[61518.0,0.0429],[61518.98,0.04],[61518.99,0.0975535],[61519.06,0.06501877],[61519.45,0.13004018],[61519.93,0.09755153],[61520.0,0.01],[61520.77,2.439e-05],[61520.96,1.8e-05],[61521.05,0.21325056],[61521.08,0.0975535],[61522.2,0.01537549]]}
{"t":1782382865135,"b":[[61513.98,0.04369297],[61513.96,0.03],[61512.72,0.13005438],[61511.99,0.01537549],[61511.98,3.282e-05],[61511.92,0.125252],[61511.91,0.06503567],[61510.98,0.0975535],[61510.83,0.06580966],[61510.01,0.2273582],[61510.0,0.0429],[61509.99,0.00187758],[61509.84,0.06501877],[61509.36,0.00243846],[61509.09,0.0975535],[61508.35,0.16257953],[61508.0,0.0429],[61507.2,0.19215578],[61507.19,0.12194692],[61506.83,0.07265]],"a":[[61513.99,0.26429861],[61514.0,0.11490379],[61514.08,1.8e-05],[61515.84,0.04250534],[61516.0,0.0429],[61516.47,0.0975535],[61517.45,0.18541847],[61517.52,1.8e-05],[61518.0,0.0429],[61518.98,0.04],[61518.99,0.0975535],[61519.06,0.06501877],[61519.45,0.13004018],[61519.93,0.09755153],[61520.0,0.01],[61520.77,2.439e-05],[61520.96,1.8e-05],[61521.05,0.21325056],[61521.08,0.0975535],[61522.2,0.01537549]]}
{"t":1782382866748,"b":[[61505.95,0.00375509],[61504.41,0.13007196],[61503.99,0.40365151],[61503.98,0.03251822],[61503.96,0.25],[61503.76,1.8e-05],[61502.99,0.07793479],[61502.86,0.06502283],[61502.0,0.0429],[61501.84,0.16259673],[61501.54,0.04514261],[61501.08,0.06444834],[61501.05,0.06503567],[61500.32,1.8e-05],[61500.0,0.0429],[61498.33,0.16784328],[61498.0,0.0429],[61496.97,0.02439342],[61496.88,1.8e-05],[61496.0,0.0429]],"a":[[61505.96,0.27464955],[61506.0,0.0429],[61507.99,0.01537549],[61508.0,0.0429],[61509.04,0.16149583],[61509.05,0.0975535],[61510.0,0.0429],[61510.65,0.13005878],[61510.91,0.25552316],[61510.92,0.0975535],[61512.0,0.0429],[61512.08,0.06502283],[61512.11,0.06503567],[61512.12,0.1575],[61513.93,0.0975535],[61513.94,0.23406277],[61514.0,0.0429],[61514.08,1.8e-05],[61514.53,0.13005058],[61515.84,0.04250534]]}
{"t":1782382867934,"b":[[61505.95,0.00375509],[61504.41,0.13007196],[61503.99,0.40365151],[61503.98,0.03251822],[61503.96,0.25],[61503.76,1.8e-05],[61502.99,0.07793479],[61502.86,0.06502283],[61502.0,0.0429],[61501.84,0.16259673],[61501.54,0.04514261],[61501.08,0.06444834],[61501.05,0.06503567],[61500.32,1.8e-05],[61500.0,0.0429],[61498.33,0.16784328],[61498.0,0.0429],[61496.97,0.02439342],[61496.88,1.8e-05],[61496.0,0.0429]],"a":[[61505.96,0.27464955],[61506.0,0.0429],[61507.99,0.01537549],[61508.0,0.0429],[61509.04,0.16149583],[61509.05,0.0975535],[61510.0,0.0429],[61510.65,0.13005878],[61510.91,0.25552316],[61510.92,0.0975535],[61512.0,0.0429],[61512.08,0.06502283],[61512.11,0.06503567],[61512.12,0.1575],[61513.93,0.0975535],[61513.94,0.23406277],[61514.0,0.0429],[61514.08,1.8e-05],[61514.53,0.13005058],[61515.84,0.04250534]]}
{"t":1782382869307,"b":[[61501.08,0.00012828],[61500.32,4.052e-05],[61499.2,0.06503567],[61496.88,1.8e-05],[61496.52,0.10327424],[61496.51,0.13008867],[61496.0,0.0429],[61495.18,0.11948918],[61494.75,0.0201841],[61494.72,0.02168066],[61494.4,0.0650319],[61494.01,0.06503567],[61494.0,0.0429],[61493.76,0.05033095],[61493.44,1.8e-05],[61492.0,0.0429],[61491.92,0.0975535],[61490.22,0.00362433],[61490.0,0.010018],[61489.87,0.0975535]],"a":[[61501.09,0.42723575],[61501.1,0.03],[61501.12,0.03],[61502.0,0.0429],[61503.49,0.20032807],[61503.5,0.0975535],[61503.62,0.0650319],[61504.0,0.0429],[61504.16,0.13007251],[61505.12,0.06503567],[61505.13,0.22159894],[61505.91,0.04],[61505.93,0.0975535],[61505.94,0.02439342],[61505.96,0.06771868],[61506.0,0.0429],[61506.04,0.04326033],[61506.16,0.00243898],[61506.82,0.0097],[61507.3,0.0432226]]}
{"t":1782382870504,"b":[[61501.08,0.00012828],[61500.32,4.052e-05],[61499.2,0.06503567],[61496.88,1.8e-05],[61496.52,0.10327424],[61496.51,0.13008867],[61496.0,0.0429],[61495.18,0.11948918],[61494.75,0.0201841],[61494.72,0.02168066],[61494.4,0.0650319],[61494.01,0.06503567],[61494.0,0.0429],[61493.76,0.05033095],[61493.44,1.8e-05],[61492.0,0.0429],[61491.92,0.0975535],[61490.22,0.00362433],[61490.0,0.010018],[61489.87,0.0975535]],"a":[[61501.09,0.42723575],[61501.1,0.03],[61501.12,0.03],[61502.0,0.0429],[61503.49,0.20032807],[61503.5,0.0975535],[61503.62,0.0650319],[61504.0,0.0429],[61504.16,0.13007251],[61505.12,0.06503567],[61505.13,0.22159894],[61505.91,0.04],[61505.93,0.0975535],[61505.94,0.02439342],[61505.96,0.06771868],[61506.0,0.0429],[61506.04,0.04326033],[61506.16,0.00243898],[61506.82,0.0097],[61507.3,0.0432226]]}
{"t":1782382871802,"b":[[61496.88,0.08878503],[61494.01,0.10001297],[61494.0,0.0429],[61493.57,0.13009489],[61493.44,1.8e-05],[61492.0,0.0429],[61491.22,0.06503626],[61490.83,0.24686876],[61490.82,0.13010071],[61490.71,0.06503567],[61490.7,0.04714658],[61490.22,0.00362433],[61490.0,1.8e-05],[61489.49,0.10255396],[61488.98,0.00499997],[61487.2,0.10683718],[61487.19,0.0975535],[61487.0,0.00999986],[61486.99,0.00499994],[61486.66,0.07239]],"a":[[61496.89,0.24960822],[61496.9,0.03],[61496.92,0.03],[61498.0,0.0429],[61498.15,0.01539049],[61498.16,0.04326033],[61499.13,0.00081304],[61499.65,0.0975535],[61500.0,0.0429],[61500.24,0.02439342],[61500.44,0.06503626],[61501.09,0.04196631],[61501.4,0.13007834],[61501.5,0.0975535],[61501.51,0.2317551],[61502.0,0.0429],[61503.04,0.1575],[61503.5,0.0975535],[61504.0,0.0429],[61504.35,0.16259013]]}
{"t":1782382873028,"b":[[61496.88,0.08878503],[61494.01,0.10001297],[61494.0,0.0429],[61493.57,0.13009489],[61493.44,1.8e-05],[61492.0,0.0429],[61491.22,0.06503626],[61490.83,0.24686876],[61490.82,0.13010071],[61490.71,0.06503567],[61490.7,0.04714658],[61490.22,0.00362433],[61490.0,1.8e-05],[61489.49,0.10255396],[61488.98,0.00499997],[61487.2,0.10683718],[61487.19,0.0975535],[61487.0,0.00999986],[61486.99,0.00499994],[61486.66,0.07239]],"a":[[61496.89,0.24960822],[61496.9,0.03],[61496.92,0.03],[61498.0,0.0429],[61498.15,0.01539049],[61498.16,0.04326033],[61499.13,0.00081304],[61499.65,0.0975535],[61500.0,0.0429],[61500.24,0.02439342],[61500.44,0.06503626],[61501.09,0.04196631],[61501.4,0.13007834],[61501.5,0.0975535],[61501.51,0.2317551],[61502.0,0.0429],[61503.04,0.1575],[61503.5,0.0975535],[61504.0,0.0429],[61504.35,0.16259013]]}
{"t":1782382874259,"b":[[61493.99,0.13931291],[61493.44,1.8e-05],[61492.0,0.0429],[61491.69,0.13009887],[61490.7,0.04714658],[61490.22,0.00362433],[61490.01,0.06503567],[61490.0,0.042918],[61489.92,0.1301026],[61489.49,0.00500046],[61488.98,0.00499997],[61488.04,0.20274266],[61488.03,0.0975535],[61488.02,0.01539049],[61488.0,0.0429],[61487.84,0.1575],[61487.0,0.00999986],[61486.99,0.00499994],[61486.64,0.00162367],[61486.61,0.00461699]],"a":[[61494.0,0.03349508],[61494.02,0.03],[61496.0,0.0429],[61497.26,0.00081308],[61498.0,0.0429],[61498.61,0.01539049],[61498.62,0.00243926],[61499.12,0.24442078],[61499.13,0.13008315],[61499.61,0.02439342],[61499.63,0.06503567],[61499.89,0.0650365],[61500.0,0.0429],[61501.06,0.04],[61501.09,0.04196631],[61501.49,0.26173973],[61501.5,0.0975535],[61502.0,0.0429],[61503.04,0.1575],[61503.5,0.0975535]]}
{"t":1782382875503,"b":[[61493.99,0.13931291],[61493.44,1.8e-05],[61492.0,0.0429],[61491.69,0.13009887],[61490.7,0.04714658],[61490.22,0.00362433],[61490.01,0.06503567],[61490.0,0.042918],[61489.92,0.1301026],[61489.49,0.00500046],[61488.98,0.00499997],[61488.04,0.20274266],[61488.03,0.0975535],[61488.02,0.01539049],[61488.0,0.0429],[61487.84,0.1575],[61487.0,0.00999986],[61486.99,0.00499994],[61486.64,0.00162367],[61486.61,0.00461699]],"a":[[61494.0,0.03349508],[61494.02,0.03],[61496.0,0.0429],[61497.26,0.00081308],[61498.0,0.0429],[61498.61,0.01539049],[61498.62,0.00243926],[61499.12,0.24442078],[61499.13,0.13008315],[61499.61,0.02439342],[61499.63,0.06503567],[61499.89,0.0650365],[61500.0,0.0429],[61501.06,0.04],[61501.09,0.04196631],[61501.49,0.26173973],[61501.5,0.0975535],[61502.0,0.0429],[61503.04,0.1575],[61503.5,0.0975535]]}
{"t":1782382876797,"b":[[61503.75,0.86257268],[61502.02,3.266e-05],[61502.01,0.06116035],[61502.0,0.0429],[61501.68,0.06503082],[61500.46,0.21974934],[61500.45,0.0975535],[61500.0,0.0429],[61498.71,0.16260503],[61498.01,0.31621302],[61498.0,0.0429],[61497.58,0.1575],[61497.11,0.0975535],[61496.91,0.05539049],[61496.9,0.10520283],[61496.23,0.0722],[61496.0,0.0429],[61494.51,0.04],[61494.5,0.08403992],[61494.0,0.0429]],"a":[[61503.76,1.8e-05],[61505.0,0.01],[61505.96,0.06771868],[61506.06,0.04217497],[61506.82,0.0097],[61507.2,1.8e-05],[61508.0,0.0429],[61508.4,0.00081304],[61508.42,0.04141144],[61510.0,0.0529],[61510.42,0.0194],[61510.64,1.8e-05],[61512.0,0.0429],[61512.12,0.1575],[61512.15,0.05513746],[61513.93,0.02439342],[61513.94,0.1662472],[61514.0,0.0429],[61514.08,1.8e-05],[61514.52,0.03251265]]}
{"t":1782382878015,"b":[[61503.75,0.86257268],[61502.02,3.266e-05],[61502.01,0.06116035],[61502.0,0.0429],[61501.68,0.06503082],[61500.46,0.21974934],[61500.45,0.0975535],[61500.0,0.0429],[61498.71,0.16260503],[61498.01,0.31621302],[61498.0,0.0429],[61497.58,0.1575],[61497.11,0.0975535],[61496.91,0.05539049],[61496.9,0.10520283],[61496.23,0.0722],[61496.0,0.0429],[61494.51,0.04],[61494.5,0.08403992],[61494.0,0.0429]],"a":[[61503.76,1.8e-05],[61505.0,0.01],[61505.96,0.06771868],[61506.06,0.04217497],[61506.82,0.0097],[61507.2,1.8e-05],[61508.0,0.0429],[61508.4,0.00081304],[61508.42,0.04141144],[61510.0,0.0529],[61510.42,0.0194],[61510.64,1.8e-05],[61512.0,0.0429],[61512.12,0.1575],[61512.15,0.05513746],[61513.93,0.02439342],[61513.94,0.1662472],[61514.0,0.0429],[61514.08,1.8e-05],[61514.52,0.03251265]]}
{"t":1782382879827,"b":[[61505.95,0.00254788],[61505.1,0.06],[61503.3,4.772e-05],[61503.29,0.01539049],[61503.28,0.13007435],[61502.13,0.0256113],[61502.0,0.0429],[61501.38,0.06503567],[61501.33,0.00243878],[61501.25,0.06502205],[61500.01,0.18162925],[61500.0,0.0429],[61499.87,0.16260196],[61498.65,0.00118114],[61498.47,0.0975535],[61498.0,0.0429],[61497.37,0.14220357],[61496.9,0.00016716],[61496.88,1.8e-05],[61496.61,0.0975535]],"a":[[61505.96,3.33988649],[61506.82,0.0097],[61507.2,1.8e-05],[61508.04,0.0975535],[61509.0,0.20281144],[61509.01,0.13006225],[61509.2,0.02439342],[61510.0,0.0529],[61510.42,0.0194],[61510.47,0.06502205],[61510.64,1.8e-05],[61511.17,0.0975535],[61511.99,0.28843758],[61512.0,0.0429],[61512.12,0.1575],[61512.15,0.05513746],[61512.88,0.06503567],[61512.89,0.13005406],[61513.09,0.0975535],[61513.84,0.03251301]]}
{"t":1782382881042,"b":[[61505.95,0.00254788],[61505.1,0.06],[61503.3,4.772e-05],[61503.29,0.01539049],[61503.28,0.13007435],[61502.13,0.0256113],[61502.0,0.0429],[61501.38,0.06503567],[61501.33,0.00243878],[61501.25,0.06502205],[61500.01,0.18162925],[61500.0,0.0429],[61499.87,0.16260196],[61498.65,0.00118114],[61498.47,0.0975535],[61498.0,0.0429],[61497.37,0.14220357],[61496.9,0.00016716],[61496.88,1.8e-05],[61496.61,0.0975535]],"a":[[61505.96,3.33988649],[61506.82,0.0097],[61507.2,1.8e-05],[61508.04,0.0975535],[61509.0,0.20281144],[61509.01,0.13006225],[61509.2,0.02439342],[61510.0,0.0529],[61510.42,0.0194],[61510.47,0.06502205],[61510.64,1.8e-05],[61511.17,0.0975535],[61511.99,0.28843758],[61512.0,0.0429],[61512.12,0.1575],[61512.15,0.05513746],[61512.88,0.06503567],[61512.89,0.13005406],[61513.09,0.0975535],[61513.84,0.03251301]]}
{"t":1782382882393,"b":[[61496.9,0.04615765],[61496.88,1.8e-05],[61496.45,0.18092647],[61496.42,0.13008885],[61495.7,0.06503266],[61495.39,0.0975535],[61495.38,0.06503567],[61495.24,0.19530514],[61494.74,0.04787184],[61494.47,0.03252325],[61494.0,0.0429],[61493.99,0.00029889],[61493.44,1.8e-05],[61493.2,0.1626196],[61492.28,0.0975535],[61492.01,0.16671681],[61492.0,0.0429],[61490.39,0.06503567],[61490.22,0.00362433],[61490.0,0.042918]],"a":[[61496.91,3.1653603],[61500.0,0.0429],[61501.99,0.01539049],[61502.0,0.0429],[61502.21,0.0975535],[61503.06,0.1575],[61503.69,0.1300735],[61504.0,0.0429],[61504.06,0.0975535],[61504.92,0.06503266],[61505.17,0.20259537],[61505.96,0.06950001],[61506.09,0.0975535],[61506.6,0.13006736],[61506.82,0.0097],[61507.2,1.8e-05],[61507.93,0.06503567],[61508.03,0.15479432],[61508.04,0.0975535],[61509.2,0.02439342]]}
{"t":1782382883588,"b":[[61496.9,0.04615765],[61496.88,1.8e-05],[61496.45,0.18092647],[61496.42,0.13008885],[61495.7,0.06503266],[61495.39,0.0975535],[61495.38,0.06503567],[61495.24,0.19530514],[61494.74,0.04787184],[61494.47,0.03252325],[61494.0,0.0429],[61493.99,0.00029889],[61493.44,1.8e-05],[61493.2,0.1626196],[61492.28,0.0975535],[61492.01,0.16671681],[61492.0,0.0429],[61490.39,0.06503567],[61490.22,0.00362433],[61490.0,0.042918]],"a":[[61496.91,3.1653603],[61500.0,0.0429],[61501.99,0.01539049],[61502.0,0.0429],[61502.21,0.0975535],[61503.06,0.1575],[61503.69,0.1300735],[61504.0,0.0429],[61504.06,0.0975535],[61504.92,0.06503266],[61505.17,0.20259537],[61505.96,0.06950001],[61506.09,0.0975535],[61506.6,0.13006736],[61506.82,0.0097],[61507.2,1.8e-05],[61507.93,0.06503567],[61508.03,0.15479432],[61508.04,0.0975535],[61509.2,0.02439342]]}
{"t":1782382884780,"b":[[61503.78,0.06006],[61502.21,0.152741],[61501.53,0.01177322],[61501.52,0.13007808],[61500.01,0.08057639],[61500.0,0.0429],[61498.97,0.0975535],[61497.74,0.1575],[61496.92,0.0975535],[61496.91,0.01539049],[61496.9,0.00017087],[61496.88,1.8e-05],[61496.41,0.06503567],[61496.0,0.0429],[61495.73,0.03121497],[61494.77,0.138469],[61494.76,0.0975535],[61494.0,0.0429],[61493.99,0.00029889],[61493.44,1.8e-05]],"a":[[61504.0,0.0529],[61505.94,0.0975535],[61505.95,0.06503567],[61505.96,0.06950001],[61506.14,0.00243905],[61506.82,0.0097],[61507.2,1.8e-05],[61507.95,0.23246418],[61507.96,0.0975535],[61510.0,0.0529],[61510.25,0.02439342],[61510.26,0.0975535],[61510.42,0.0194],[61510.56,0.09756882],[61510.64,1.8e-05],[61511.98,0.06503567],[61511.99,0.31982124],[61512.0,0.0429],[61512.11,0.0975535],[61512.12,0.1575]]}
{"t":1782382886042,"b":[[61503.78,0.06006],[61502.21,0.152741],[61501.53,0.01177322],[61501.52,0.13007808],[61500.01,0.08057639],[61500.0,0.0429],[61498.97,0.0975535],[61497.74,0.1575],[61496.92,0.0975535],[61496.91,0.01539049],[61496.9,0.00017087],[61496.88,1.8e-05],[61496.41,0.06503567],[61496.0,0.0429],[61495.73,0.03121497],[61494.77,0.138469],[61494.76,0.0975535],[61494.0,0.0429],[61493.99,0.00029889],[61493.44,1.8e-05]],"a":[[61504.0,0.0529],[61505.94,0.0975535],[61505.95,0.06503567],[61505.96,0.06950001],[61506.14,0.00243905],[61506.82,0.0097],[61507.2,1.8e-05],[61507.95,0.23246418],[61507.96,0.0975535],[61510.0,0.0529],[61510.25,0.02439342],[61510.26,0.0975535],[61510.42,0.0194],[61510.56,0.09756882],[61510.64,1.8e-05],[61511.98,0.06503567],[61511.99,0.31982124],[61512.0,0.0429],[61512.11,0.0975535],[61512.12,0.1575]]}
{"t":1782382887234,"b":[[61505.95,0.06009507],[61503.99,0.01539049],[61503.98,0.32764257],[61503.97,0.13007289],[61503.77,0.00275844],[61502.0,0.0429],[61501.62,0.0975535],[61501.54,0.06503567],[61501.52,0.13007808],[61500.01,0.11761238],[61500.0,0.0429],[61499.9,0.00162333],[61499.15,0.00243886],[61498.97,0.0975535],[61498.78,0.07207],[61497.75,0.27934947],[61496.92,0.0975535],[61496.9,0.04769671],[61496.88,1.8e-05],[61496.41,0.06503567]],"a":[[61505.96,0.06950001],[61506.0,0.0429],[61506.82,0.0097],[61507.2,1.8e-05],[61508.0,0.0429],[61508.8,0.00243886],[61509.99,0.0975535],[61510.0,0.0529],[61510.16,0.01539049],[61510.42,0.0194],[61510.56,0.13005897],[61510.64,1.8e-05],[61510.72,0.03251466],[61510.79,0.03251462],[61510.85,0.03251459],[61511.99,0.31982124],[61512.0,0.0429],[61512.1,0.06503567],[61512.11,0.0975535],[61512.12,0.1575]]}
{"t":1782382888386,"b":[[61505.95,0.06009507],[61503.99,0.01539049],[61503.98,0.32764257],[61503.97,0.13007289],[61503.77,0.00275844],[61502.0,0.0429],[61501.62,0.0975535],[61501.54,0.06503567],[61501.52,0.13007808],[61500.01,0.11761238],[61500.0,0.0429],[61499.9,0.00162333],[61499.15,0.00243886],[61498.97,0.0975535],[61498.78,0.07207],[61497.75,0.27934947],[61496.92,0.0975535],[61496.9,0.04769671],[61496.88,1.8e-05],[61496.41,0.06503567]],"a":[[61505.96,0.06950001],[61506.0,0.0429],[61506.82,0.0097],[61507.2,1.8e-05],[61508.0,0.0429],[61508.8,0.00243886],[61509.99,0.0975535],[61510.0,0.0529],[61510.16,0.01539049],[61510.42,0.0194],[61510.56,0.13005897],[61510.64,1.8e-05],[61510.72,0.03251466],[61510.79,0.03251462],[61510.85,0.03251459],[61511.99,0.31982124],[61512.0,0.0429],[61512.1,0.06503567],[61512.11,0.0975535],[61512.12,0.1575]]}
{"t":1782382890223,"b":[[61501.57,0.01539049],[61501.56,0.00243887],[61501.54,0.06503567],[61500.01,0.12268664],[61499.15,0.0650269],[61498.62,0.16260526],[61498.0,0.0429],[61497.75,0.22797948],[61496.94,0.00243887],[61496.92,0.0975535],[61496.9,0.04769671],[61496.88,1.8e-05],[61496.41,0.06503567],[61496.0,0.0429],[61495.39,0.1575],[61494.77,0.13492686],[61494.76,0.0975535],[61494.42,0.07202],[61494.0,0.0429],[61493.99,0.00029889]],"a":[[61501.58,0.10033856],[61501.6,0.07930379],[61501.61,0.07930379],[61501.62,0.07930379],[61501.63,0.07930379],[61501.64,0.07930379],[61501.65,0.07940379],[61501.66,0.07940379],[61501.67,0.07940379],[61502.0,0.0429],[61504.0,0.0429],[61505.95,0.01539049],[61505.96,0.06950001],[61505.97,0.24495168],[61505.98,0.0975535],[61506.0,0.0429],[61506.69,0.06503567],[61506.7,0.13006715],[61506.82,0.0097],[61507.2,1.8e-05]]}
{"t":1782382891380,"b":[[61501.57,0.01539049],[61501.56,0.00243887],[61501.54,0.06503567],[61500.01,0.12268664],[61499.15,0.0650269],[61498.62,0.16260526],[61498.0,0.0429],[61497.75,0.22797948],[61496.94,0.00243887],[61496.92,0.0975535],[61496.9,0.04769671],[61496.88,1.8e-05],[61496.41,0.06503567],[61496.0,0.0429],[61495.39,0.1575],[61494.77,0.13492686],[61494.76,0.0975535],[61494.42,0.07202],[61494.0,0.0429],[61493.99,0.00029889]],"a":[[61501.58,0.10033856],[61501.6,0.07930379],[61501.61,0.07930379],[61501.62,0.07930379],[61501.63,0.07930379],[61501.64,0.07930379],[61501.65,0.07940379],[61501.66,0.07940379],[61501.67,0.07940379],[61502.0,0.0429],[61504.0,0.0429],[61505.95,0.01539049],[61505.96,0.06950001],[61505.97,0.24495168],[61505.98,0.0975535],[61506.0,0.0429],[61506.69,0.06503567],[61506.7,0.13006715],[61506.82,0.0097],[61507.2,1.8e-05]]}
{"t":1782382892571,"b":[[61496.9,0.28310221],[61496.88,1.8e-05],[61496.01,0.07362572],[61496.0,0.0429],[61495.6,0.06503567],[61494.03,0.2577197],[61494.02,0.0975535],[61494.0,0.0429],[61493.99,0.00029889],[61493.92,0.04787674],[61493.44,1.8e-05],[61492.9,0.16262037],[61492.09,0.19892122],[61492.0,0.0429],[61491.73,0.0975535],[61491.18,0.03252499],[61490.22,0.00362433],[61490.01,0.06503567],[61490.0,0.042918],[61489.88,0.0975535]],"a":[[61496.91,0.14041748],[61500.0,0.0429],[61501.53,0.00243914],[61501.58,2.205e-05],[61501.99,0.01539049],[61502.0,0.0429],[61502.66,0.0975535],[61503.06,0.1575],[61504.0,0.0429],[61504.53,0.0975535],[61505.94,0.02439342],[61505.96,0.06950001],[61506.0,0.0429],[61506.12,0.0650333],[61506.69,0.06503567],[61506.82,0.0097],[61507.2,1.8e-05],[61507.75,0.00304893],[61507.99,0.30015795],[61508.0,0.0429]]}
{"t":1782382893729,"b":[[61496.9,0.28310221],[61496.88,1.8e-05],[61496.01,0.07362572],[61496.0,0.0429],[61495.6,0.06503567],[61494.03,0.2577197],[61494.02,0.0975535],[61494.0,0.0429],[61493.99,0.00029889],[61493.92,0.04787674],[61493.44,1.8e-05],[61492.9,0.16262037],[61492.09,0.19892122],[61492.0,0.0429],[61491.73,0.0975535],[61491.18,0.03252499],[61490.22,0.00362433],[61490.01,0.06503567],[61490.0,0.042918],[61489.88,0.0975535]],"a":[[61496.91,0.14041748],[61500.0,0.0429],[61501.53,0.00243914],[61501.58,2.205e-05],[61501.99,0.01539049],[61502.0,0.0429],[61502.66,0.0975535],[61503.06,0.1575],[61504.0,0.0429],[61504.53,0.0975535],[61505.94,0.02439342],[61505.96,0.06950001],[61506.0,0.0429],[61506.12,0.0650333],[61506.69,0.06503567],[61506.82,0.0097],[61507.2,1.8e-05],[61507.75,0.00304893],[61507.99,0.30015795],[61508.0,0.0429]]}
{"t":1782382895419,"b":[[61505.33,0.01547363],[61503.99,0.01501174],[61502.22,0.13633516],[61502.21,0.13007661],[61502.0,0.0429],[61501.43,0.01539049],[61501.42,0.2899312],[61501.41,0.0975535],[61501.4,0.06503567],[61500.71,0.00243881],[61500.56,0.02],[61500.0,0.0429],[61499.81,0.06502566],[61499.03,0.0975535],[61499.01,0.16260423],[61498.12,0.07194],[61498.0,0.0429],[61497.04,0.27677146],[61496.9,0.0001483],[61496.88,1.8e-05]],"a":[[61505.34,0.3369409],[61505.96,0.06950001],[61506.0,0.0429],[61506.82,0.0097],[61506.99,0.13006652],[61507.2,1.8e-05],[61508.0,0.0429],[61508.47,0.31927685],[61508.48,0.0975535],[61509.02,0.02439342],[61509.03,0.06502566],[61509.15,0.06503098],[61509.18,0.03251547],[61509.99,0.01539049],[61510.0,0.0529],[61510.24,0.16257457],[61510.42,0.0194],[61510.64,1.8e-05],[61511.54,0.06503567],[61511.55,0.0975535]]}
{"t":1782382896603,"b":[[61505.33,0.01547363],[61503.99,0.01501174],[61502.22,0.13633516],[61502.21,0.13007661],[61502.0,0.0429],[61501.43,0.01539049],[61501.42,0.2899312],[61501.41,0.0975535],[61501.4,0.06503567],[61500.71,0.00243881],[61500.56,0.02],[61500.0,0.0429],[61499.81,0.06502566],[61499.03,0.0975535],[61499.01,0.16260423],[61498.12,0.07194],[61498.0,0.0429],[61497.04,0.27677146],[61496.9,0.0001483],[61496.88,1.8e-05]],"a":[[61505.34,0.3369409],[61505.96,0.06950001],[61506.0,0.0429],[61506.82,0.0097],[61506.99,0.13006652],[61507.2,1.8e-05],[61508.0,0.0429],[61508.47,0.31927685],[61508.48,0.0975535],[61509.02,0.02439342],[61509.03,0.06502566],[61509.15,0.06503098],[61509.18,0.03251547],[61509.99,0.01539049],[61510.0,0.0529],[61510.24,0.16257457],[61510.42,0.0194],[61510.64,1.8e-05],[61511.54,0.06503567],[61511.55,0.0975535]]}
{"t":1782382897766,"b":[[61503.03,0.01453787],[61502.0,0.0429],[61501.78,0.13007751],[61501.48,0.01539049],[61501.47,0.00243896],[61501.46,0.00011154],[61501.0,0.18091671],[61500.99,0.06503567],[61500.97,0.13007923],[61500.0,0.0429],[61499.46,0.06502816],[61498.0,0.0429],[61497.04,0.19348067],[61496.9,0.0001483],[61496.88,1.8e-05],[61496.82,0.00243893],[61496.0,0.0429],[61495.6,0.06503567],[61495.41,0.1575],[61495.25,0.17117773]],"a":[[61503.19,0.07680379],[61503.26,0.07690379],[61505.95,0.0975535],[61505.96,0.06950001],[61506.0,0.0429],[61506.82,0.0097],[61506.97,0.13006656],[61507.2,1.8e-05],[61507.82,0.13006476],[61507.94,0.3357105],[61507.95,0.0975535],[61507.96,0.02439342],[61508.0,0.0429],[61508.68,0.06502816],[61508.83,0.06503567],[61508.84,0.03251565],[61508.87,0.03251563],[61508.9,0.03251562],[61510.0,0.0529],[61510.12,0.0975535]]}
{"t":1782382898940,"b":[[61503.03,0.01453787],[61502.0,0.0429],[61501.78,0.13007751],[61501.48,0.01539049],[61501.47,0.00243896],[61501.46,0.00011154],[61501.0,0.18091671],[61500.99,0.06503567],[61500.97,0.13007923],[61500.0,0.0429],[61499.46,0.06502816],[61498.0,0.0429],[61497.04,0.19348067],[61496.9,0.0001483],[61496.88,1.8e-05],[61496.82,0.00243893],[61496.0,0.0429],[61495.6,0.06503567],[61495.41,0.1575],[61495.25,0.17117773]],"a":[[61503.19,0.07680379],[61503.26,0.07690379],[61505.95,0.0975535],[61505.96,0.06950001],[61506.0,0.0429],[61506.82,0.0097],[61506.97,0.13006656],[61507.2,1.8e-05],[61507.82,0.13006476],[61507.94,0.3357105],[61507.95,0.0975535],[61507.96,0.02439342],[61508.0,0.0429],[61508.68,0.06502816],[61508.83,0.06503567],[61508.84,0.03251565],[61508.87,0.03251563],[61508.9,0.03251562],[61510.0,0.0529],[61510.12,0.0975535]]}
{"t":1782382900207,"b":[[61513.31,0.23558518],[61511.27,0.13005745],[61510.0,0.0429],[61508.69,0.00243849],[61508.6,3.267e-05],[61508.53,0.12267102],[61508.52,0.1625791],[61508.0,0.0429],[61507.29,0.01539049],[61507.28,0.06503567],[61507.21,0.43438937],[61507.2,0.5],[61506.08,0.07172],[61505.54,0.04755331],[61504.7,0.00162311],[61504.05,0.24179516],[61504.0,0.0429],[61503.76,1.8e-05],[61503.71,0.0975535],[61502.47,0.00304812]],"a":[[61513.32,0.19471198],[61513.34,0.03251327],[61514.0,0.0429],[61514.08,1.8e-05],[61515.0,0.01],[61516.0,0.0429],[61517.39,0.0975535],[61517.4,0.0097],[61517.52,1.8e-05],[61518.0,0.0429],[61519.63,0.0975535],[61519.99,0.06503567],[61520.0,0.01],[61520.14,0.32211484],[61520.15,0.1575],[61520.21,0.02439342],[61520.3,0.06501506],[61520.75,0.09754741],[61520.77,2.439e-05],[61520.96,1.8e-05]]}
{"t":1782382901378,"b":[[61513.31,0.23558518],[61511.27,0.13005745],[61510.0,0.0429],[61508.69,0.00243849],[61508.6,3.267e-05],[61508.53,0.12267102],[61508.52,0.1625791],[61508.0,0.0429],[61507.29,0.01539049],[61507.28,0.06503567],[61507.21,0.43438937],[61507.2,0.5],[61506.08,0.07172],[61505.54,0.04755331],[61504.7,0.00162311],[61504.05,0.24179516],[61504.0,0.0429],[61503.76,1.8e-05],[61503.71,0.0975535],[61502.47,0.00304812]],"a":[[61513.32,0.19471198],[61513.34,0.03251327],[61514.0,0.0429],[61514.08,1.8e-05],[61515.0,0.01],[61516.0,0.0429],[61517.39,0.0975535],[61517.4,0.0097],[61517.52,1.8e-05],[61518.0,0.0429],[61519.63,0.0975535],[61519.99,0.06503567],[61520.0,0.01],[61520.14,0.32211484],[61520.15,0.1575],[61520.21,0.02439342],[61520.3,0.06501506],[61520.75,0.09754741],[61520.77,2.439e-05],[61520.96,1.8e-05]]}
{"t":1782382902600,"b":[[61508.41,0.03064521],[61508.01,0.00243869],[61507.32,0.01539049],[61507.31,0.06721562],[61507.3,0.06503567],[61506.0,0.0429],[61505.54,0.04755331],[61504.08,0.04],[61504.07,0.28727045],[61504.06,0.0975535],[61504.0,0.0429],[61503.76,1.8e-05],[61503.39,0.00243869],[61503.18,0.0402148],[61502.43,0.1575],[61502.0,0.0429],[61501.83,0.0975535],[61501.46,0.00011154],[61501.02,0.11021635],[61500.99,0.06503567]],"a":[[61508.42,0.0051446],[61508.43,0.07600379],[61508.44,0.07610379],[61508.45,0.07610379],[61508.46,0.07610379],[61508.47,0.07610379],[61508.49,0.07610379],[61508.51,0.07610379],[61509.38,0.03251537],[61510.0,0.0429],[61512.0,0.0429],[61513.31,0.01539049],[61513.32,0.08593787],[61513.87,0.03251299],[61513.96,0.03251295],[61514.0,0.0429],[61514.08,1.8e-05],[61514.28,0.1300511],[61514.99,0.02439342],[61515.0,0.01]]}
{"t":1782382903834,"b":[[61508.41,0.03064521],[61508.01,0.00243869],[61507.32,0.01539049],[61507.31,0.06721562],[61507.3,0.06503567],[61506.0,0.0429],[61505.54,0.04755331],[61504.08,0.04],[61504.07,0.28727045],[61504.06,0.0975535],[61504.0,0.0429],[61503.76,1.8e-05],[61503.39,0.00243869],[61503.18,0.0402148],[61502.43,0.1575],[61502.0,0.0429],[61501.83,0.0975535],[61501.46,0.00011154],[61501.02,0.11021635],[61500.99,0.06503567]],"a":[[61508.42,0.0051446],[61508.43,0.07600379],[61508.44,0.07610379],[61508.45,0.07610379],[61508.46,0.07610379],[61508.47,0.07610379],[61508.49,0.07610379],[61508.51,0.07610379],[61509.38,0.03251537],[61510.0,0.0429],[61512.0,0.0429],[61513.31,0.01539049],[61513.32,0.08593787],[61513.87,0.03251299],[61513.96,0.03251295],[61514.0,0.0429],[61514.08,1.8e-05],[61514.28,0.1300511],[61514.99,0.02439342],[61515.0,0.01]]}
{"t":1782382904995,"b":[[61508.33,0.13256022],[61508.08,0.00281166],[61507.22,0.01539049],[61507.21,0.48839292],[61507.2,0.5],[61506.03,0.06503567],[61506.0,0.0429],[61505.54,0.04755331],[61504.54,0.16258962],[61504.11,0.28727045],[61504.1,0.0975535],[61504.0,0.0429],[61503.76,1.8e-05],[61503.39,0.00243869],[61503.18,0.0402148],[61502.01,0.0975535],[61502.0,0.0429],[61501.92,0.1575],[61501.46,0.00011154],[61501.02,0.13352721]],"a":[[61508.34,0.09791027],[61508.35,0.07490379],[61508.36,0.07490379],[61508.37,0.07490379],[61508.38,0.07490379],[61508.39,0.07490379],[61508.4,0.07490379],[61508.43,0.07510379],[61508.58,0.08177016],[61510.0,0.0429],[61512.0,0.0429],[61513.61,0.01539049],[61513.62,0.0975535],[61513.64,0.13005245],[61514.0,0.0429],[61514.08,1.8e-05],[61514.83,0.27907581],[61514.84,0.06502196],[61514.98,0.06503567],[61514.99,0.02439342]]}
{"t":1782382906156,"b":[[61508.33,0.13256022],[61508.08,0.00281166],[61507.22,0.01539049],[61507.21,0.48839292],[61507.2,0.5],[61506.03,0.06503567],[61506.0,0.0429],[61505.54,0.04755331],[61504.54,0.16258962],[61504.11,0.28727045],[61504.1,0.0975535],[61504.0,0.0429],[61503.76,1.8e-05],[61503.39,0.00243869],[61503.18,0.0402148],[61502.01,0.0975535],[61502.0,0.0429],[61501.92,0.1575],[61501.46,0.00011154],[61501.02,0.13352721]],"a":[[61508.34,0.09791027],[61508.35,0.07490379],[61508.36,0.07490379],[61508.37,0.07490379],[61508.38,0.07490379],[61508.39,0.07490379],[61508.4,0.07490379],[61508.43,0.07510379],[61508.58,0.08177016],[61510.0,0.0429],[61512.0,0.0429],[61513.61,0.01539049],[61513.62,0.0975535],[61513.64,0.13005245],[61514.0,0.0429],[61514.08,1.8e-05],[61514.83,0.27907581],[61514.84,0.06502196],[61514.98,0.06503567],[61514.99,0.02439342]]}
{"t":1782382907333,"b":[[61508.33,0.06606759],[61508.08,0.00281166],[61507.22,0.0975535],[61507.21,0.48839292],[61507.2,0.5],[61507.09,0.13006628],[61506.03,0.06503567],[61506.0,0.0429],[61504.54,0.16258962],[61504.12,0.0975535],[61504.11,0.28727045],[61504.0,0.0429],[61503.76,1.8e-05],[61503.39,0.00243869],[61503.18,0.0402148],[61502.01,0.0975535],[61502.0,0.0429],[61501.92,0.1575],[61501.46,0.00011154],[61501.19,0.00162329]],"a":[[61508.34,0.18634846],[61508.35,0.07490379],[61508.36,0.07490379],[61508.37,0.07490379],[61508.38,0.07490379],[61508.39,0.07490379],[61508.4,0.07490379],[61508.43,0.07510379],[61509.55,0.05735693],[61509.79,0.03251515],[61509.82,0.03251513],[61509.84,0.03251512],[61511.99,0.01539049],[61512.0,0.0429],[61512.95,0.13005392],[61512.97,0.00243869],[61513.6,0.02439342],[61513.61,0.0975535],[61513.62,0.06503567],[61514.0,0.0429]]}
{"t":1782382908555,"b":[[61508.33,0.06606759],[61508.08,0.00281166],[61507.22,0.0975535],[61507.21,0.48839292],[61507.2,0.5],[61507.09,0.13006628],[61506.03,0.06503567],[61506.0,0.0429],[61504.54,0.16258962],[61504.12,0.0975535],[61504.11,0.28727045],[61504.0,0.0429],[61503.76,1.8e-05],[61503.39,0.00243869],[61503.18,0.0402148],[61502.01,0.0975535],[61502.0,0.0429],[61501.92,0.1575],[61501.46,0.00011154],[61501.19,0.00162329]],"a":[[61508.34,0.18634846],[61508.35,0.07490379],[61508.36,0.07490379],[61508.37,0.07490379],[61508.38,0.07490379],[61508.39,0.07490379],[61508.4,0.07490379],[61508.43,0.07510379],[61509.55,0.05735693],[61509.79,0.03251515],[61509.82,0.03251513],[61509.84,0.03251512],[61511.99,0.01539049],[61512.0,0.0429],[61512.95,0.13005392],[61512.97,0.00243869],[61513.6,0.02439342],[61513.61,0.0975535],[61513.62,0.06503567],[61514.0,0.0429]]}
{"t":1782382909800,"b":[[61507.2,1.00086766],[61503.82,0.1300732],[61503.76,1.8e-05],[61502.17,0.01539049],[61502.16,0.13007671],[61501.46,0.00011154],[61500.93,0.18786635],[61500.92,0.0975535],[61500.64,0.06503567],[61500.54,0.04415],[61500.32,1.8e-05],[61500.0,0.0429],[61498.14,0.34391146],[61498.0,0.0429],[61497.56,0.0975535],[61496.9,0.0001483],[61496.88,1.8e-05],[61496.0,0.0429],[61495.72,0.02439342],[61495.71,0.0975535]],"a":[[61507.21,0.40758858],[61507.98,0.01539049],[61507.99,0.26381426],[61508.0,0.0429],[61508.32,0.13006371],[61509.62,0.16258214],[61509.9,0.03251509],[61509.92,0.03251508],[61510.0,0.0429],[61511.27,0.32978075],[61511.28,0.13005745],[61511.61,0.0975535],[61512.0,0.0429],[61512.97,0.00243869],[61513.35,0.06503567],[61513.36,0.02439342],[61513.37,0.1575],[61513.61,0.0975535],[61513.79,0.13833335],[61514.0,0.0429]]}
{"t":1782382910936,"b":[[61507.2,1.00086766],[61503.82,0.1300732],[61503.76,1.8e-05],[61502.17,0.01539049],[61502.16,0.13007671],[61501.46,0.00011154],[61500.93,0.18786635],[61500.92,0.0975535],[61500.64,0.06503567],[61500.54,0.04415],[61500.32,1.8e-05],[61500.0,0.0429],[61498.14,0.34391146],[61498.0,0.0429],[61497.56,0.0975535],[61496.9,0.0001483],[61496.88,1.8e-05],[61496.0,0.0429],[61495.72,0.02439342],[61495.71,0.0975535]],"a":[[61507.21,0.40758858],[61507.98,0.01539049],[61507.99,0.26381426],[61508.0,0.0429],[61508.32,0.13006371],[61509.62,0.16258214],[61509.9,0.03251509],[61509.92,0.03251508],[61510.0,0.0429],[61511.27,0.32978075],[61511.28,0.13005745],[61511.61,0.0975535],[61512.0,0.0429],[61512.97,0.00243869],[61513.35,0.06503567],[61513.36,0.02439342],[61513.37,0.1575],[61513.61,0.0975535],[61513.79,0.13833335],[61514.0,0.0429]]}
{"t":1782382912317,"b":[[61507.2,1.00109622],[61503.76,1.8e-05],[61503.01,0.01539049],[61503.0,0.13007494],[61501.78,0.0975535],[61501.46,0.00011154],[61500.65,0.22854745],[61500.64,0.06503567],[61500.54,0.04415],[61500.32,1.8e-05],[61500.08,0.16260141],[61500.0,0.0429],[61499.59,0.0975535],[61498.14,0.34391146],[61498.0,0.0429],[61497.56,0.0975535],[61496.9,0.0001483],[61496.88,1.8e-05],[61496.0,0.0429],[61495.71,0.0975535]],"a":[[61507.21,0.48981173],[61507.84,0.01539049],[61507.85,0.39090857],[61507.86,0.13006468],[61508.0,0.0429],[61508.79,0.06502813],[61509.71,0.0975535],[61509.94,0.03251507],[61509.95,0.03251506],[61510.0,0.0429],[61511.27,0.32978075],[61511.28,0.13005745],[61511.61,0.0975535],[61512.0,0.0429],[61512.97,0.00243869],[61513.35,0.06503567],[61513.36,0.02439342],[61513.37,0.1575],[61513.61,0.0975535],[61513.79,0.13833335]]}
