{"t":1700000000000,"b":[[59993.59,0.495],[59992.59,0.765],[59991.59,1.253],[59990.59,0.675],[59989.59,1.291],[59988.59,0.874],[59987.59,1.365],[59986.59,2.162],[59985.59,1.264],[59984.59,1.852],[59983.59,3.335],[59982.59,3.292],[59981.59,2.449],[59980.59,3.976],[59979.59,5.107]],"a":[[59996.04,0.203],[59997.04,0.849],[59998.04,1.078],[59999.04,0.966],[60000.04,0.918],[60001.04,2.404],[60002.04,1.59],[60003.04,1.274],[60004.04,1.432],[60005.04,3.571],[60006.04,3.201],[60007.04,4.117],[60008.04,4.181],[60009.04,3.782],[60010.04,5.745]]}
{"t":1700000001000,"b":[[59987.04,0.532],[59986.04,0.727],[59985.04,1.226],[59984.04,1.239],[59983.04,1.686],[59982.04,0.901],[59981.04,1.383],[59980.04,1.697],[59979.04,1.392],[59978.04,1.942],[59977.04,1.743],[59976.04,2.451],[59975.04,3.861],[59974.04,3.157],[59973.04,3.394]],"a":[[59990.14,0.284],[59991.14,0.499],[59992.14,1.293],[59993.14,1.32],[59994.14,1.553],[59995.14,1.107],[59996.14,2.335],[59997.14,1.426],[59998.14,2.111],[59999.14,3.947],[60000.14,3.306],[60001.14,3.329],[60002.14,4.028],[60003.14,4.901],[60004.14,4.976]]}
{"t":1700000002000,"b":[[59988.53,0.284],[59987.53,0.938],[59986.53,1.239],[59985.53,0.937],[59984.53,1.618],[59983.53,1.478],[59982.53,2.688],[59981.53,2.062],[59980.53,1.836],[59979.53,1.979],[59978.53,3.078],[59977.53,2.403],[59976.53,3.688],[59975.53,5.102],[59974.53,3.508]],"a":[[59991.06,0.288],[59992.06,0.973],[59993.06,0.909],[59994.06,0.68],[59995.06,0.766],[59996.06,1.006],[59997.06,2.142],[59998.06,2.778],[59999.06,2.213],[60000.06,1.493],[60001.06,2.557],[60002.06,4.713],[60003.06,3.499],[60004.06,5.369],[60005.06,5.307]]}
{"t":1700000003000,"b":[[59997.19,0.473],[59996.19,0.674],[59995.19,0.69],[59994.19,1.312],[59993.19,0.856],[59992.19,1.542],[59991.19,1.812],[59990.19,3.126],[59989.19,3.302],[59988.19,2.023],[59987.19,2.902],[59986.19,2.138],[59985.19,4.803],[59984.19,5.002],[59983.19,3.114]],"a":[[60000.63,0.456],[60001.63,0.721],[60002.63,0.588],[60003.63,1.452],[60004.63,1.455],[60005.63,2.11],[60006.63,1.958],[60007.63,1.076],[60008.63,1.978],[60009.63,1.377],[60010.63,4.144],[60011.63,4.343],[60012.63,4.528],[60013.63,2.947],[60014.63,2.176]]}
{"t":1700000004000,"b":[[60060.3,0.228],[60059.3,0.819],[60058.3,1.139],[60057.3,0.723],[60056.3,1.365],[60055.3,1.732],[60054.3,1.454],[60053.3,2.951],[60052.3,2.216],[60051.3,1.886],[60050.3,3.014],[60049.3,3.874],[60048.3,2.384],[60047.3,2.963],[60046.3,5.831]],"a":[[60063.28,0.46],[60064.28,0.61],[60065.28,0.916],[60066.28,0.714],[60067.28,1.015],[60068.28,1.383],[60069.28,2.068],[60070.28,1.57],[60071.28,1.729],[60072.28,1.513],[60073.28,3.28],[60074.28,2.296],[60075.28,4.778],[60076.28,4.963],[60077.28,2.226]]}
{"t":1700000005000,"b":[[59999.58,0.286],[59998.58,0.411],[59997.58,1.292],[59996.58,1.232],[59995.58,1.362],[59994.58,2.12],[59993.58,2.484],[59992.58,1.484],[59991.58,1.433],[59990.58,2.467],[59989.58,2.678],[59988.58,3.046],[59987.58,4.179],[59986.58,4.283],[59985.58,5.788]],"a":[[60002.91,0.239],[60003.91,0.587],[60004.91,0.755],[60005.91,1.566],[60006.91,1.048],[60007.91,1.139],[60008.91,1.802],[60009.91,1.982],[60010.91,1.869],[60011.91,1.987],[60012.91,4.127],[60013.91,2.971],[60014.91,4.629],[60015.91,3.834],[60016.91,2.147]]}
{"t":1700000006000,"b":[[60067.82,0.539],[60066.82,0.433],[60065.82,0.887],[60064.82,0.821],[60063.82,1.261],[60062.82,0.922],[60061.82,1.67],[60060.82,3.193],[60059.82,1.836],[60058.82,3.403],[60057.82,2.77],[60056.82,2.907],[60055.82,4.955],[60054.82,5.458],[60053.82,4.117]],"a":[[60071.67,0.487],[60072.67,0.426],[60073.67,0.717],[60074.67,1.689],[60075.67,1.511],[60076.67,1.72],[60077.67,2.371],[60078.67,1.198],[60079.67,2.602],[60080.67,2.658],[60081.67,3.923],[60082.67,2.071],[60083.67,4.967],[60084.67,2.117],[60085.67,2.675]]}
{"t":1700000007000,"b":[[60067.76,0.294],[60066.76,0.403],[60065.76,1.251],[60064.76,0.858],[60063.76,1.532],[60062.76,1.847],[60061.76,1.747],[60060.76,2.33],[60059.76,2.455],[60058.76,3.802],[60057.76,2.042],[60056.76,3.831],[60055.76,2.512],[60054.76,3.27],[60053.76,4.57]],"a":[[60071.11,0.32],[60072.11,0.531],[60073.11,1.127],[60074.11,0.658],[60075.11,1.342],[60076.11,2.472],[60077.11,2.843],[60078.11,1.233],[60079.11,1.712],[60080.11,2.028],[60081.11,4.156],[60082.11,4.35],[60083.11,4.69],[60084.11,3.174],[60085.11,2.565]]}
{"t":1700000008000,"b":[[60095.68,0.462],[60094.68,0.33],[60093.68,1.185],[60092.68,0.919],[60091.68,1.629],[60090.68,2.374],[60089.68,1.205],[60088.68,1.323],[60087.68,1.457],[60086.68,2.791],[60085.68,2.24],[60084.68,3.48],[60083.68,4.14],[60082.68,2.568],[60081.68,4.424]],"a":[[60099.65,0.306],[60100.65,0.643],[60101.65,1.265],[60102.65,1.548],[60103.65,0.829],[60104.65,1.524],[60105.65,1.476],[60106.65,1.083],[60107.65,3.051],[60108.65,3.013],[60109.65,2.21],[60110.65,3.91],[60111.65,3.576],[60112.65,3.386],[60113.65,1.988]]}
{"t":1700000009000,"b":[[60047.18,0.562],[60046.18,0.68],[60045.18,1.201],[60044.18,1.245],[60043.18,0.907],[60042.18,1.035],[60041.18,1.536],[60040.18,3.008],[60039.18,3.111],[60038.18,3.606],[60037.18,4.057],[60036.18,2.237],[60035.18,2.548],[60034.18,2.2],[60033.18,4.992]],"a":[[60050.95,0.554],[60051.95,0.589],[60052.95,1.009],[60053.95,0.753],[60054.95,2.002],[60055.95,2.252],[60056.95,2.805],[60057.95,2.818],[60058.95,3.315],[60059.95,1.391],[60060.95,3.586],[60061.95,2.621],[60062.95,4.865],[60063.95,4.753],[60064.95,5.32]]}
{"t":1700000010000,"b":[[60058.53,0.549],[60057.53,0.883],[60056.53,0.65],[60055.53,1.514],[60054.53,1.344],[60053.53,1.329],[60052.53,2.461],[60051.53,1.564],[60050.53,1.257],[60049.53,1.837],[60048.53,2.402],[60047.53,4.298],[60046.53,4.987],[60045.53,2.844],[60044.53,4.452]],"a":[[60060.75,0.36],[60061.75,0.963],[60062.75,0.933],[60063.75,1.655],[60064.75,0.861],[60065.75,2.426],[60066.75,1.289],[60067.75,3.144],[60068.75,1.837],[60069.75,1.612],[60070.75,2.71],[60071.75,3.87],[60072.75,2.767],[60073.75,4.038],[60074.75,3.945]]}
{"t":1700000011000,"b":[[60031.72,0.302],[60030.72,0.786],[60029.72,0.452],[60028.72,1.639],[60027.72,1.454],[60026.72,2.012],[60025.72,2.36],[60024.72,2.517],[60023.72,2.074],[60022.72,1.51],[60021.72,3.376],[60020.72,2.615],[60019.72,2.767],[60018.72,4.92],[60017.72,4.757]],"a":[[60034.87,0.32],[60035.87,0.526],[60036.87,0.818],[60037.87,1.038],[60038.87,1.114],[60039.87,1.035],[60040.87,1.749],[60041.87,3.097],[60042.87,2.826],[60043.87,3.717],[60044.87,3.235],[60045.87,2.523],[60046.87,3.563],[60047.87,1.826],[60048.87,3.069]]}
{"t":1700000012000,"b":[[59988.93,0.377],[59987.93,0.464],[59986.93,0.876],[59985.93,1.611],[59984.93,1.814],[59983.93,1.105],[59982.93,1.111],[59981.93,2.183],[59980.93,2.719],[59979.93,2.213],[59978.93,3.823],[59977.93,3.941],[59976.93,3.988],[59975.93,2.645],[59974.93,2.727]],"a":[[59991.86,0.21],[59992.86,0.484],[59993.86,0.878],[59994.86,1.552],[59995.86,0.802],[59996.86,1.509],[59997.86,2.147],[59998.86,1.493],[59999.86,2.871],[60000.86,2.635],[60001.86,2.158],[60002.86,3.642],[60003.86,1.719],[60004.86,4.566],[60005.86,4.953]]}
{"t":1700000013000,"b":[[60009.19,0.27],[60008.19,0.948],[60007.19,0.916],[60006.19,0.633],[60005.19,1.049],[60004.19,2.225],[60003.19,1.817],[60002.19,2.798],[60001.19,2.802],[60000.19,3.943],[59999.19,3.177],[59998.19,4.568],[59997.19,4.731],[59996.19,4.061],[59995.19,4.755]],"a":[[60012.04,0.402],[60013.04,0.865],[60014.04,0.943],[60015.04,1.607],[60016.04,1.741],[60017.04,1.608],[60018.04,1.442],[60019.04,1.607],[60020.04,2.73],[60021.04,3.354],[60022.04,2.962],[60023.04,3.549],[60024.04,2.634],[60025.04,2.108],[60026.04,3.064]]}
{"t":1700000014000,"b":[[60005.18,0.293],[60004.18,0.776],[60003.18,1.086],[60002.18,0.649],[60001.18,1.271],[60000.18,1.72],[59999.18,1.74],[59998.18,1.52],[59997.18,2.208],[59996.18,3.723],[59995.18,3.144],[59994.18,3.766],[59993.18,4.613],[59992.18,4.619],[59991.18,3.433]],"a":[[60007.46,0.202],[60008.46,0.554],[60009.46,1.128],[60010.46,1.556],[60011.46,2.035],[60012.46,1.516],[60013.46,2.37],[60014.46,2.249],[60015.46,2.648],[60016.46,1.909],[60017.46,2.086],[60018.46,2.948],[60019.46,1.799],[60020.46,3.052],[60021.46,4.599]]}
{"t":1700000015000,"b":[[60036.47,0.387],[60035.47,0.408],[60034.47,1.01],[60033.47,0.606],[60032.47,1.252],[60031.47,1.756],[60030.47,1.001],[60029.47,2.457],[60028.47,1.526],[60027.47,2.549],[60026.47,1.596],[60025.47,2.769],[60024.47,2.42],[60023.47,3.018],[60022.47,4.919]],"a":[[60038.8,0.352],[60039.8,0.814],[60040.8,1.199],[60041.8,0.865],[60042.8,0.815],[60043.8,0.857],[60044.8,1.975],[60045.8,3.225],[60046.8,2.04],[60047.8,3.048],[60048.8,3.716],[60049.8,3.628],[60050.8,4.264],[60051.8,5.291],[60052.8,2.728]]}
{"t":1700000016000,"b":[[60056.51,0.426],[60055.51,0.467],[60054.51,1.08],[60053.51,1.457],[60052.51,0.935],[60051.51,1.827],[60050.51,2.371],[60049.51,1.321],[60048.51,3.166],[60047.51,3.882],[60046.51,1.763],[60045.51,1.656],[60044.51,2.761],[60043.51,4.297],[60042.51,5.687]],"a":[[60059.85,0.359],[60060.85,0.79],[60061.85,0.518],[60062.85,1.369],[60063.85,1.578],[60064.85,0.993],[60065.85,2.418],[60066.85,2.903],[60067.85,2.641],[60068.85,1.646],[60069.85,4.303],[60070.85,4.04],[60071.85,2.88],[60072.85,3.389],[60073.85,3.395]]}
{"t":1700000017000,"b":[[60059.49,0.54],[60058.49,0.86],[60057.49,0.545],[60056.49,1.68],[60055.49,1.59],[60054.49,2.192],[60053.49,2.294],[60052.49,2.011],[60051.49,2.961],[60050.49,3.884],[60049.49,2.233],[60048.49,4.121],[60047.49,3.53],[60046.49,3.59],[60045.49,3.649]],"a":[[60062.17,0.492],[60063.17,0.499],[60064.17,1.217],[60065.17,1.53],[60066.17,0.821],[60067.17,2.28],[60068.17,1.413],[60069.17,2.074],[60070.17,2.665],[60071.17,2.329],[60072.17,1.533],[60073.17,4.256],[60074.17,2.318],[60075.17,2.599],[60076.17,5.062]]}
{"t":1700000018000,"b":[[60019.65,0.204],[60018.65,0.941],[60017.65,0.527],[60016.65,1.403],[60015.65,1.384],[60014.65,2.076],[60013.65,2.262],[60012.65,2.464],[60011.65,2.378],[60010.65,3.426],[60009.65,1.72],[60008.65,2.273],[60007.65,4.052],[60006.65,2.943],[60005.65,4.218]],"a":[[60022.2,0.389],[60023.2,0.67],[60024.2,0.833],[60025.2,1.433],[60026.2,1.163],[60027.2,1.985],[60028.2,1.465],[60029.2,1.616],[60030.2,1.49],[60031.2,1.835],[60032.2,1.797],[60033.2,3.263],[60034.2,4.291],[60035.2,2.501],[60036.2,2.794]]}
{"t":1700000019000,"b":[[60081.8,0.591],[60080.8,0.666],[60079.8,0.705],[60078.8,0.691],[60077.8,0.972],[60076.8,1.2],[60075.8,1.291],[60074.8,1.105],[60073.8,2.482],[60072.8,2.052],[60071.8,4.275],[60070.8,3.318],[60069.8,4.071],[60068.8,2.286],[60067.8,5.337]],"a":[[60085.25,0.396],[60086.25,0.892],[60087.25,0.967],[60088.25,1.115],[60089.25,1.317],[60090.25,1.129],[60091.25,1.048],[60092.25,3.098],[60093.25,2.347],[60094.25,3.504],[60095.25,2.612],[60096.25,1.808],[60097.25,3.84],[60098.25,2.021],[60099.25,2.532]]}
{"t":1700000020000,"b":[[60054.09,0.506],[60053.09,0.719],[60052.09,1.162],[60051.09,0.835],[60050.09,1.432],[60049.09,1.568],[60048.09,1.791],[60047.09,2.924],[60046.09,3.576],[60045.09,2.134],[60044.09,3.251],[60043.09,3.495],[60042.09,4.216],[60041.09,5.284],[60040.09,2.76]],"a":[[60056.33,0.284],[60057.33,0.754],[60058.33,0.591],[60059.33,0.775],[60060.33,0.805],[60061.33,0.829],[60062.33,1.806],[60063.33,2.352],[60064.33,1.899],[60065.33,1.938],[60066.33,3.5],[60067.33,3.789],[60068.33,3.244],[60069.33,4.334],[60070.33,5.553]]}
{"t":1700000021000,"b":[[60041.79,0.464],[60040.79,0.932],[60039.79,0.833],[60038.79,1.201],[60037.79,1.607],[60036.79,2.324],[60035.79,2.521],[60034.79,1.229],[60033.79,1.598],[60032.79,2.14],[60031.79,3.622],[60030.79,3.368],[60029.79,2.681],[60028.79,2.279],[60027.79,4.636]],"a":[[60045.04,0.48],[60046.04,0.938],[60047.04,0.9],[60048.04,1.143],[60049.04,0.813],[60050.04,0.891],[60051.04,1.771],[60052.04,1.768],[60053.04,1.801],[60054.04,1.567],[60055.04,4.24],[60056.04,4.208],[60057.04,3.656],[60058.04,5.295],[60059.04,5.848]]}
{"t":1700000022000,"b":[[60028.27,0.388],[60027.27,0.748],[60026.27,1.274],[60025.27,0.784],[60024.27,1.519],[60023.27,1.872],[60022.27,1.884],[60021.27,1.271],[60020.27,2.035],[60019.27,2.208],[60018.27,3.393],[60017.27,4.277],[60016.27,2.821],[60015.27,4.357],[60014.27,3.074]],"a":[[60031.78,0.578],[60032.78,0.854],[60033.78,0.945],[60034.78,1.098],[60035.78,1.14],[60036.78,1.358],[60037.78,2.793],[60038.78,1.944],[60039.78,2.435],[60040.78,3.944],[60041.78,3.357],[60042.78,3.284],[60043.78,3.105],[60044.78,2.51],[60045.78,3.361]]}
{"t":1700000023000,"b":[[60003.19,0.504],[60002.19,0.457],[60001.19,0.944],[60000.19,1.642],[59999.19,1.313],[59998.19,1.977],[59997.19,1.181],[59996.19,3.167],[59995.19,2.661],[59994.19,1.959],[59993.19,1.909],[59992.19,3.31],[59991.19,3.578],[59990.19,2.165],[59989.19,5.82]],"a":[[60006.44,0.565],[60007.44,0.625],[60008.44,0.556],[60009.44,1.532],[60010.44,1.398],[60011.44,2.007],[60012.44,1.917],[60013.44,1.663],[60014.44,3.203],[60015.44,3.923],[60016.44,2.157],[60017.44,3.311],[60018.44,3.004],[60019.44,5.19],[60020.44,3.932]]}
{"t":1700000024000,"b":[[60055.27,0.366],[60054.27,0.932],[60053.27,0.907],[60052.27,1.519],[60051.27,1.096],[60050.27,1.318],[60049.27,2.065],[60048.27,3.223],[60047.27,2.375],[60046.27,1.719],[60045.27,3.012],[60044.27,2.662],[60043.27,3.577],[60042.27,3.809],[60041.27,3.726]],"a":[[60058.85,0.329],[60059.85,0.448],[60060.85,1.078],[60061.85,1.233],[60062.85,1.027],[60063.85,2.105],[60064.85,1.033],[60065.85,2.676],[60066.85,2.893],[60067.85,3.475],[60068.85,2.57],[60069.85,3.666],[60070.85,4.491],[60071.85,5.405],[60072.85,3.882]]}
{"t":1700000025000,"b":[[60006.08,0.436],[60005.08,0.89],[60004.08,1.237],[60003.08,1.081],[60002.08,1.436],[60001.08,1.579],[60000.08,2.323],[59999.08,1.956],[59998.08,2.771],[59997.08,1.734],[59996.08,2.812],[59995.08,4.628],[59994.08,2.851],[59993.08,4.353],[59992.08,4.484]],"a":[[60009.08,0.541],[60010.08,0.879],[60011.08,1.223],[60012.08,1.012],[60013.08,1.143],[60014.08,2.011],[60015.08,2.393],[60016.08,2.951],[60017.08,1.286],[60018.08,1.506],[60019.08,3.28],[60020.08,4.476],[60021.08,5.091],[60022.08,4.551],[60023.08,3.642]]}
{"t":1700000026000,"b":[[60047.73,0.478],[60046.73,0.912],[60045.73,0.491],[60044.73,1.491],[60043.73,1.111],[60042.73,1.443],[60041.73,1.227],[60040.73,2.217],[60039.73,2.558],[60038.73,3.425],[60037.73,1.943],[60036.73,1.824],[60035.73,4.661],[60034.73,4.087],[60033.73,2.889]],"a":[[60050.62,0.565],[60051.62,0.418],[60052.62,0.865],[60053.62,0.867],[60054.62,1.057],[60055.62,0.841],[60056.62,2.479],[60057.62,3.013],[60058.62,2.826],[60059.62,1.744],[60060.62,2.731],[60061.62,2.664],[60062.62,3.698],[60063.62,4.157],[60064.62,3.605]]}
{"t":1700000027000,"b":[[60076.95,0.28],[60075.95,0.575],[60074.95,0.885],[60073.95,0.848],[60072.95,1.501],[60071.95,1.773],[60070.95,2.836],[60069.95,1.71],[60068.95,3.547],[60067.95,3.069],[60066.95,2.246],[60065.95,3.358],[60064.95,4.032],[60063.95,4.543],[60062.95,2.141]],"a":[[60080.64,0.443],[60081.64,0.648],[60082.64,1.264],[60083.64,0.904],[60084.64,1.818],[60085.64,1.827],[60086.64,1.619],[60087.64,2.444],[60088.64,2.69],[60089.64,3.121],[60090.64,3.541],[60091.64,3.651],[60092.64,4.55],[60093.64,4.118],[60094.64,5.473]]}
{"t":1700000028000,"b":[[60058.43,0.493],[60057.43,0.384],[60056.43,0.716],[60055.43,1.435],[60054.43,0.946],[60053.43,1.043],[60052.43,1.975],[60051.43,3.164],[60050.43,2.474],[60049.43,3.746],[60048.43,3.858],[60047.43,2.384],[60046.43,4.504],[60045.43,3.584],[60044.43,5.095]],"a":[[60061.59,0.499],[60062.59,0.545],[60063.59,0.554],[60064.59,1.682],[60065.59,0.897],[60066.59,2.42],[60067.59,2.584],[60068.59,2.632],[60069.59,3.552],[60070.59,3.888],[60071.59,3.783],[60072.59,2.727],[60073.59,4.388],[60074.59,1.876],[60075.59,4.043]]}
{"t":1700000029000,"b":[[60033.7,0.469],[60032.7,0.705],[60031.7,1.19],[60030.7,1.656],[60029.7,0.852],[60028.7,1.211],[60027.7,0.998],[60026.7,2.976],[60025.7,2.547],[60024.7,3.75],[60023.7,2.092],[60022.7,1.774],[60021.7,4.501],[60020.7,5.144],[60019.7,3.129]],"a":[[60037.05,0.363],[60038.05,0.416],[60039.05,1.302],[60040.05,0.925],[60041.05,1.39],[60042.05,0.985],[60043.05,2.636],[60044.05,1.367],[60045.05,2.289],[60046.05,3.102],[60047.05,3.605],[60048.05,4.555],[60049.05,3.125],[60050.05,4.534],[60051.05,2.553]]}
{"t":1700000030000,"b":[[60019.82,0.581],[60018.82,0.346],[60017.82,0.783],[60016.82,1.085],[60015.82,2.031],[60014.82,2.236],[60013.82,1.139],[60012.82,2.549],[60011.82,2.507],[60010.82,3.916],[60009.82,2.49],[60008.82,2.829],[60007.82,2.345],[60006.82,2.271],[60005.82,5.257]],"a":[[60022.63,0.382],[60023.63,0.756],[60024.63,1.028],[60025.63,1.262],[60026.63,0.73],[60027.63,2.123],[60028.63,1.413],[60029.63,1.346],[60030.63,2.555],[60031.63,1.507],[60032.63,3.669],[60033.63,2.228],[60034.63,2.434],[60035.63,4.999],[60036.63,3.231]]}
{"t":1700000031000,"b":[[60027.71,0.201],[60026.71,0.883],[60025.71,0.58],[60024.71,0.724],[60023.71,1.051],[60022.71,1.113],[60021.71,2.206],[60020.71,1.13],[60019.71,1.236],[60018.71,3.418],[60017.71,2.14],[60016.71,2.595],[60015.71,2.292],[60014.71,2.016],[60013.71,4.843]],"a":[[60031.51,0.41],[60032.51,0.81],[60033.51,0.879],[60034.51,1.47],[60035.51,1.419],[60036.51,1.005],[60037.51,1.907],[60038.51,3.108],[60039.51,1.304],[60040.51,3.401],[60041.51,3.964],[60042.51,3.218],[60043.51,3.257],[60044.51,5.344],[60045.51,2.187]]}
{"t":1700000032000,"b":[[59991.94,0.564],[59990.94,0.373],[59989.94,0.523],[59988.94,1.275],[59987.94,0.792],[59986.94,1.279],[59985.94,2.153],[59984.94,2.254],[59983.94,1.98],[59982.94,3.961],[59981.94,2.989],[59980.94,3.004],[59979.94,3.758],[59978.94,2.187],[59977.94,4.687]],"a":[[59994.92,0.541],[59995.92,0.748],[59996.92,1.142],[59997.92,1.404],[59998.92,1.001],[59999.92,1.57],[60000.92,1.384],[60001.92,1.804],[60002.92,2.288],[60003.92,2.427],[60004.92,1.726],[60005.92,2.919],[60006.92,3.961],[60007.92,3.191],[60008.92,2.545]]}
{"t":1700000033000,"b":[[59997.17,0.533],[59996.17,0.386],[59995.17,0.537],[59994.17,1.425],[59993.17,1.836],[59992.17,1.743],[59991.17,2.064],[59990.17,2.282],[59989.17,1.991],[59988.17,1.649],[59987.17,2.475],[59986.17,3.671],[59985.17,4.251],[59984.17,4.994],[59983.17,4.762]],"a":[[59999.3,0.587],[60000.3,0.715],[60001.3,0.766],[60002.3,1.24],[60003.3,0.998],[60004.3,1.909],[60005.3,1.376],[60006.3,1.308],[60007.3,3.229],[60008.3,2.299],[60009.3,3.662],[60010.3,3.383],[60011.3,4.445],[60012.3,4.91],[60013.3,5.751]]}
{"t":1700000034000,"b":[[60017.91,0.572],[60016.91,0.864],[60015.91,0.691],[60014.91,0.782],[60013.91,1.684],[60012.91,1.335],[60011.91,1.596],[60010.91,1.088],[60009.91,3.288],[60008.91,2.826],[60007.91,2.612],[60006.91,2.022],[60005.91,3.853],[60004.91,1.937],[60003.91,4.86]],"a":[[60019.96,0.286],[60020.96,0.598],[60021.96,0.757],[60022.96,1.001],[60023.96,1.71],[60024.96,2.107],[60025.96,2.028],[60026.96,1.258],[60027.96,1.326],[60028.96,1.742],[60029.96,3.242],[60030.96,3.698],[60031.96,2.625],[60032.96,4.241],[60033.96,3.844]]}
{"t":1700000035000,"b":[[59972.54,0.502],[59971.54,0.399],[59970.54,0.837],[59969.54,0.901],[59968.54,1.65],[59967.54,1.628],[59966.54,2.218],[59965.54,1.173],[59964.54,2.149],[59963.54,2.913],[59962.54,1.472],[59961.54,2.524],[59960.54,2.418],[59959.54,2.326],[59958.54,2.947]],"a":[[59975.08,0.331],[59976.08,0.33],[59977.08,1.122],[59978.08,0.777],[59979.08,1.232],[59980.08,1.986],[59981.08,1.9],[59982.08,2.867],[59983.08,3.135],[59984.08,1.516],[59985.08,3.949],[59986.08,1.708],[59987.08,1.764],[59988.08,5.187],[59989.08,5.312]]}
{"t":1700000036000,"b":[[59930.66,0.246],[59929.66,0.339],[59928.66,0.742],[59927.66,1.497],[59926.66,1.565],[59925.66,2.198],[59924.66,2.698],[59923.66,1.264],[59922.66,3.227],[59921.66,1.97],[59920.66,3.158],[59919.66,3.225],[59918.66,3.046],[59917.66,2.958],[59916.66,3.274]],"a":[[59933.49,0.333],[59934.49,0.434],[59935.49,0.909],[59936.49,0.706],[59937.49,1.414],[59938.49,2.32],[59939.49,1.614],[59940.49,2.639],[59941.49,3.165],[59942.49,3.485],[59943.49,2.135],[59944.49,2.036],[59945.49,2.371],[59946.49,4.024],[59947.49,4.915]]}
{"t":1700000037000,"b":[[59909.39,0.509],[59908.39,0.646],[59907.39,1.129],[59906.39,1.449],[59905.39,1.328],[59904.39,2.35],[59903.39,2.023],[59902.39,2.441],[59901.39,2.699],[59900.39,3.615],[59899.39,3.269],[59898.39,2.051],[59897.39,1.932],[59896.39,3.439],[59895.39,3.131]],"a":[[59911.75,0.31],[59912.75,0.362],[59913.75,0.907],[59914.75,0.932],[59915.75,1.333],[59916.75,0.919],[59917.75,2.53],[59918.75,1.24],[59919.75,3.274],[59920.75,3.592],[59921.75,3.234],[59922.75,3.172],[59923.75,3.273],[59924.75,3.848],[59925.75,5.038]]}
{"t":1700000038000,"b":[[59940.1,0.329],[59939.1,0.634],[59938.1,0.586],[59937.1,0.646],[59936.1,0.845],[59935.1,2.309],[59934.1,1.603],[59933.1,2.611],[59932.1,2.411],[59931.1,1.782],[59930.1,2.168],[59929.1,2.954],[59928.1,3.194],[59927.1,3.733],[59926.1,2.569]],"a":[[59943.41,0.349],[59944.41,0.509],[59945.41,0.818],[59946.41,0.964],[59947.41,1.537],[59948.41,2.127],[59949.41,2.18],[59950.41,1.217],[59951.41,1.427],[59952.41,3.123],[59953.41,2.274],[59954.41,3.855],[59955.41,3.932],[59956.41,5.133],[59957.41,5.356]]}
{"t":1700000039000,"b":[[59916.26,0.257],[59915.26,0.552],[59914.26,1.321],[59913.26,1.378],[59912.26,1.249],[59911.26,1.807],[59910.26,2.732],[59909.26,1.741],[59908.26,2.104],[59907.26,3.423],[59906.26,3.808],[59905.26,3.686],[59904.26,4.518],[59903.26,4.522],[59902.26,4.623]],"a":[[59919.42,0.411],[59920.42,0.745],[59921.42,0.831],[59922.42,0.991],[59923.42,1.208],[59924.42,1.122],[59925.42,1.357],[59926.42,3.112],[59927.42,2.367],[59928.42,1.925],[59929.42,1.849],[59930.42,1.818],[59931.42,4.571],[59932.42,2.194],[59933.42,4.956]]}
{"t":1700000040000,"b":[[59954.52,0.507],[59953.52,0.41],[59952.52,0.789],[59951.52,0.762],[59950.52,1.864],[59949.52,2.097],[59948.52,2.487],[59947.52,1.431],[59946.52,2.25],[59945.52,2.414],[59944.52,3.411],[59943.52,2.323],[59942.52,3.21],[59941.52,2.865],[59940.52,4.869]],"a":[[59957.2,0.38],[59958.2,0.672],[59959.2,0.729],[59960.2,1.505],[59961.2,1.357],[59962.2,2.203],[59963.2,1.649],[59964.2,3.111],[59965.2,3.563],[59966.2,2.548],[59967.2,2.267],[59968.2,2.778],[59969.2,3.493],[59970.2,5.352],[59971.2,5.136]]}
{"t":1700000041000,"b":[[59890.56,0.3],[59889.56,0.742],[59888.56,1.237],[59887.56,1.213],[59886.56,0.844],[59885.56,2.221],[59884.56,2.567],[59883.56,1.688],[59882.56,3.031],[59881.56,2.048],[59880.56,4.075],[59879.56,2.039],[59878.56,3.187],[59877.56,5.279],[59876.56,2.816]],"a":[[59892.83,0.38],[59893.83,0.552],[59894.83,0.474],[59895.83,0.636],[59896.83,1.403],[59897.83,1.214],[59898.83,2.84],[59899.83,1.881],[59900.83,1.268],[59901.83,3.792],[59902.83,3.884],[59903.83,3.622],[59904.83,4.391],[59905.83,2.327],[59906.83,3.069]]}
{"t":1700000042000,"b":[[59916.64,0.379],[59915.64,0.328],[59914.64,0.521],[59913.64,0.869],[59912.64,1.869],[59911.64,1.731],[59910.64,2.332],[59909.64,2.21],[59908.64,1.467],[59907.64,2.088],[59906.64,2.323],[59905.64,1.725],[59904.64,3.127],[59903.64,4.723],[59902.64,3.733]],"a":[[59920.05,0.244],[59921.05,0.913],[59922.05,0.987],[59923.05,0.594],[59924.05,1.422],[59925.05,1.224],[59926.05,1.223],[59927.05,1.998],[59928.05,2.676],[59929.05,1.962],[59930.05,2.658],[59931.05,3.668],[59932.05,1.991],[59933.05,5.382],[59934.05,2.214]]}
{"t":1700000043000,"b":[[59868.2,0.595],[59867.2,0.685],[59866.2,0.801],[59865.2,1.116],[59864.2,1.59],[59863.2,2.444],[59862.2,1.432],[59861.2,1.11],[59860.2,3.092],[59859.2,2.239],[59858.2,3.576],[59857.2,3.554],[59856.2,4.323],[59855.2,4.508],[59854.2,3.247]],"a":[[59871.21,0.218],[59872.21,0.68],[59873.21,1.182],[59874.21,0.776],[59875.21,1.791],[59876.21,1.592],[59877.21,2.271],[59878.21,2.433],[59879.21,3.148],[59880.21,1.492],[59881.21,3.701],[59882.21,3.017],[59883.21,2.698],[59884.21,1.985],[59885.21,2.728]]}
{"t":1700000044000,"b":[[59948.49,0.417],[59947.49,0.49],[59946.49,1.128],[59945.49,0.795],[59944.49,1.2],[59943.49,2.113],[59942.49,2.595],[59941.49,1.789],[59940.49,1.499],[59939.49,2.3],[59938.49,4.03],[59937.49,3.916],[59936.49,4.742],[59935.49,3.236],[59934.49,5.748]],"a":[[59952.47,0.398],[59953.47,0.648],[59954.47,1.282],[59955.47,1.172],[59956.47,1.822],[59957.47,2.025],[59958.47,1.1],[59959.47,2.37],[59960.47,3.174],[59961.47,2.771],[59962.47,2.382],[59963.47,1.827],[59964.47,3.947],[59965.47,2.944],[59966.47,4.3]]}
{"t":1700000045000,"b":[[59970.59,0.341],[59969.59,0.353],[59968.59,1.233],[59967.59,0.98],[59966.59,2.097],[59965.59,1.278],[59964.59,2.812],[59963.59,3.113],[59962.59,1.38],[59961.59,3.014],[59960.59,2.504],[59959.59,4.098],[59958.59,4.01],[59957.59,5.303],[59956.59,2.507]],"a":[[59973.97,0.443],[59974.97,0.833],[59975.97,0.481],[59976.97,0.652],[59977.97,1.79],[59978.97,1.429],[59979.97,1.677],[59980.97,2.295],[59981.97,2.652],[59982.97,3.125],[59983.97,4.202],[59984.97,2.747],[59985.97,4.294],[59986.97,3.92],[59987.97,4.015]]}
{"t":1700000046000,"b":[[59929.4,0.494],[59928.4,0.649],[59927.4,0.798],[59926.4,1.221],[59925.4,1.066],[59924.4,1.254],[59923.4,1.798],[59922.4,3.217],[59921.4,1.885],[59920.4,3.754],[59919.4,2.874],[59918.4,1.961],[59917.4,4.6],[59916.4,3.475],[59915.4,5.455]],"a":[[59931.63,0.378],[59932.63,0.382],[59933.63,1.064],[59934.63,1.547],[59935.63,1.147],[59936.63,1.398],[59937.63,1.073],[59938.63,2.241],[59939.63,3.339],[59940.63,3.581],[59941.63,3.514],[59942.63,4.496],[59943.63,3.868],[59944.63,4.722],[59945.63,3.934]]}
{"t":1700000047000,"b":[[59960.45,0.256],[59959.45,0.839],[59958.45,0.474],[59957.45,1.212],[59956.45,1.216],[59955.45,2.151],[59954.45,1.998],[59953.45,2.391],[59952.45,1.407],[59951.45,2.145],[59950.45,4.349],[59949.45,3.839],[59948.45,3.487],[59947.45,4.632],[59946.45,5.161]],"a":[[59962.85,0.23],[59963.85,0.957],[59964.85,1.028],[59965.85,1.092],[59966.85,1.652],[59967.85,1.393],[59968.85,2.618],[59969.85,2.753],[59970.85,2.736],[59971.85,1.807],[59972.85,4.252],[59973.85,2.938],[59974.85,4.796],[59975.85,2.027],[59976.85,2.434]]}
{"t":1700000048000,"b":[[59972.29,0.338],[59971.29,0.937],[59970.29,1.255],[59969.29,1.548],[59968.29,1.051],[59967.29,1.873],[59966.29,1.997],[59965.29,1.344],[59964.29,1.927],[59963.29,2.739],[59962.29,2.907],[59961.29,2.106],[59960.29,4.901],[59959.29,2.388],[59958.29,4.519]],"a":[[59975.71,0.488],[59976.71,0.718],[59977.71,1.208],[59978.71,1.223],[59979.71,1.855],[59980.71,0.872],[59981.71,1.036],[59982.71,2.454],[59983.71,2.584],[59984.71,3.05],[59985.71,3.674],[59986.71,2.887],[59987.71,3.873],[59988.71,3.643],[59989.71,4.396]]}
{"t":1700000049000,"b":[[59989.75,0.393],[59988.75,0.848],[59987.75,1.066],[59986.75,0.917],[59985.75,0.802],[59984.75,0.924],[59983.75,1.785],[59982.75,2.116],[59981.75,1.69],[59980.75,2.933],[59979.75,2.356],[59978.75,3.838],[59977.75,4.196],[59976.75,4.967],[59975.75,5.754]],"a":[[59993.66,0.252],[59994.66,0.566],[59995.66,0.955],[59996.66,0.942],[59997.66,1.353],[59998.66,1.266],[59999.66,1.421],[60000.66,1.283],[60001.66,1.897],[60002.66,2.343],[60003.66,3.235],[60004.66,2.357],[60005.66,4.642],[60006.66,2.408],[60007.66,3.227]]}
{"t":1700000050000,"b":[[59962.68,0.406],[59961.68,0.649],[59960.68,0.728],[59959.68,0.602],[59958.68,2.023],[59957.68,1.659],[59956.68,2.787],[59955.68,1.538],[59954.68,2.047],[59953.68,1.459],[59952.68,2.885],[59951.68,4.354],[59950.68,3.924],[59949.68,3.543],[59948.68,4.043]],"a":[[59965.68,0.539],[59966.68,0.605],[59967.68,1.244],[59968.68,1.412],[59969.68,1.769],[59970.68,1.429],[59971.68,1.711],[59972.68,2.301],[59973.68,1.667],[59974.68,2.791],[59975.68,1.663],[59976.68,3.163],[59977.68,4.299],[59978.68,2.846],[59979.68,5.807]]}
{"t":1700000051000,"b":[[59948.45,0.59],[59947.45,0.581],[59946.45,1.165],[59945.45,0.965],[59944.45,2.015],[59943.45,2.071],[59942.45,1.328],[59941.45,2.17],[59940.45,2.4],[59939.45,1.445],[59938.45,1.847],[59937.45,2.624],[59936.45,3.311],[59935.45,3.493],[59934.45,4.314]],"a":[[59950.69,0.406],[59951.69,0.538],[59952.69,1.002],[59953.69,0.762],[59954.69,2.087],[59955.69,2.045],[59956.69,1.519],[59957.69,1.798],[59958.69,3.188],[59959.69,2.736],[59960.69,3.505],[59961.69,2.519],[59962.69,4.474],[59963.69,3.17],[59964.69,4.578]]}
{"t":1700000052000,"b":[[59995.1,0.475],[59994.1,0.342],[59993.1,0.877],[59992.1,1.687],[59991.1,1.796],[59990.1,2.106],[59989.1,2.048],[59988.1,2.626],[59987.1,2.6],[59986.1,1.777],[59985.1,3.274],[59984.1,3.527],[59983.1,4.56],[59982.1,2.364],[59981.1,4.605]],"a":[[59998.55,0.213],[59999.55,0.941],[60000.55,0.549],[60001.55,0.597],[60002.55,1.139],[60003.55,1.075],[60004.55,2.262],[60005.55,1.957],[60006.55,3.06],[60007.55,3.764],[60008.55,3.981],[60009.55,3.893],[60010.55,1.912],[60011.55,2.329],[60012.55,2.759]]}
{"t":1700000053000,"b":[[59989.16,0.41],[59988.16,0.529],[59987.16,0.606],[59986.16,1.624],[59985.16,1.179],[59984.16,1.41],[59983.16,2.417],[59982.16,2.625],[59981.16,2.744],[59980.16,3.162],[59979.16,3.219],[59978.16,2.181],[59977.16,2.538],[59976.16,3.862],[59975.16,2.827]],"a":[[59992.49,0.589],[59993.49,0.518],[59994.49,0.71],[59995.49,0.813],[59996.49,1.687],[59997.49,1.348],[59998.49,1.613],[59999.49,3.082],[60000.49,3.109],[60001.49,2.05],[60002.49,1.803],[60003.49,3.706],[60004.49,2.991],[60005.49,5.403],[60006.49,5.142]]}
{"t":1700000054000,"b":[[60051.99,0.486],[60050.99,0.55],[60049.99,0.848],[60048.99,0.87],[60047.99,1.371],[60046.99,1.158],[60045.99,1.973],[60044.99,3.081],[60043.99,2.871],[60042.99,1.689],[60041.99,3.235],[60040.99,3.424],[60039.99,2.524],[60038.99,4.27],[60037.99,4.021]],"a":[[60054.56,0.455],[60055.56,0.359],[60056.56,0.822],[60057.56,1.4],[60058.56,0.841],[60059.56,2.097],[60060.56,0.96],[60061.56,2.258],[60062.56,3.43],[60063.56,2.403],[60064.56,4.162],[60065.56,4.342],[60066.56,3.323],[60067.56,2.553],[60068.56,5.709]]}
{"t":1700000055000,"b":[[60033.31,0.563],[60032.31,0.383],[60031.31,0.967],[60030.31,1.19],[60029.31,1.712],[60028.31,2.371],[60027.31,2.685],[60026.31,1.451],[60025.31,3.317],[60024.31,1.791],[60023.31,4.117],[60022.31,4.716],[60021.31,3.05],[60020.31,3.633],[60019.31,5.603]],"a":[[60036.61,0.585],[60037.61,0.927],[60038.61,1.239],[60039.61,0.586],[60040.61,1.495],[60041.61,1.002],[60042.61,2.818],[60043.61,1.687],[60044.61,3.574],[60045.61,2.765],[60046.61,2.882],[60047.61,4.531],[60048.61,4.594],[60049.61,3.533],[60050.61,2.702]]}
{"t":1700000056000,"b":[[60050.0,0.274],[60049.0,0.804],[60048.0,1.162],[60047.0,1.228],[60046.0,1.76],[60045.0,1.115],[60044.0,2.577],[60043.0,3.004],[60042.0,3.185],[60041.0,2.69],[60040.0,1.702],[60039.0,3.683],[60038.0,2.328],[60037.0,2.338],[60036.0,3.212]],"a":[[60052.52,0.299],[60053.52,0.495],[60054.52,0.662],[60055.52,1.442],[60056.52,2.036],[60057.52,1.323],[60058.52,2.323],[60059.52,1.1],[60060.52,2.769],[60061.52,3.161],[60062.52,1.63],[60063.52,1.947],[60064.52,2.743],[60065.52,3.305],[60066.52,3.91]]}
{"t":1700000057000,"b":[[60063.51,0.324],[60062.51,0.401],[60061.51,1.275],[60060.51,0.914],[60059.51,1.56],[60058.51,1.187],[60057.51,1.204],[60056.51,1.404],[60055.51,2.995],[60054.51,2.93],[60053.51,2.656],[60052.51,3.305],[60051.51,3.301],[60050.51,3.787],[60049.51,4.54]],"a":[[60066.92,0.287],[60067.92,0.486],[60068.92,1.129],[60069.92,1.579],[60070.92,0.815],[60071.92,1.562],[60072.92,2.287],[60073.92,1.243],[60074.92,2.554],[60075.92,1.489],[60076.92,3.038],[60077.92,3.167],[60078.92,3.647],[60079.92,2.372],[60080.92,3.23]]}
{"t":1700000058000,"b":[[60045.86,0.236],[60044.86,0.657],[60043.86,1.178],[60042.86,1.096],[60041.86,1.419],[60040.86,1.579],[60039.86,1.06],[60038.86,2.069],[60037.86,3.137],[60036.86,3.242],[60035.86,2.598],[60034.86,4.147],[60033.86,4.236],[60032.86,3.936],[60031.86,2.127]],"a":[[60049.03,0.338],[60050.03,0.366],[60051.03,1.345],[60052.03,1.65],[60053.03,0.797],[60054.03,2.366],[60055.03,1.01],[60056.03,1.954],[60057.03,3.046],[60058.03,3.354],[60059.03,4.287],[60060.03,3.61],[60061.03,3.129],[60062.03,5.449],[60063.03,3.442]]}
{"t":1700000059000,"b":[[60043.26,0.35],[60042.26,0.769],[60041.26,1.046],[60040.26,1.195],[60039.26,1.615],[60038.26,1.399],[60037.26,1.289],[60036.26,2.23],[60035.26,2.469],[60034.26,3.254],[60033.26,2.096],[60032.26,1.586],[60031.26,1.777],[60030.26,2.914],[60029.26,4.577]],"a":[[60047.07,0.418],[60048.07,0.671],[60049.07,1.191],[60050.07,0.86],[60051.07,1.185],[60052.07,1.28],[60053.07,2.731],[60054.07,2.634],[60055.07,1.471],[60056.07,3.47],[60057.07,2.666],[60058.07,3.988],[60059.07,4.705],[60060.07,1.882],[60061.07,2.754]]}
{"t":1700000060000,"b":[[60051.05,0.219],[60050.05,0.806],[60049.05,0.812],[60048.05,0.844],[60047.05,1.004],[60046.05,2.25],[60045.05,1.057],[60044.05,2.158],[60043.05,1.894],[60042.05,3.487],[60041.05,3.571],[60040.05,2.58],[60039.05,3.733],[60038.05,4.28],[60037.05,3.201]],"a":[[60054.45,0.321],[60055.45,0.418],[60056.45,1.044],[60057.45,0.829],[60058.45,1.121],[60059.45,0.926],[60060.45,2.752],[60061.45,2.966],[60062.45,3.388],[60063.45,2.984],[60064.45,2.689],[60065.45,3.136],[60066.45,5.006],[60067.45,5.262],[60068.45,4.568]]}
{"t":1700000061000,"b":[[60057.01,0.367],[60056.01,0.422],[60055.01,0.789],[60054.01,1.443],[60053.01,1.363],[60052.01,2.226],[60051.01,1.521],[60050.01,2.596],[60049.01,3.134],[60048.01,3.749],[60047.01,3.081],[60046.01,4.624],[60045.01,3.595],[60044.01,2.314],[60043.01,2.897]],"a":[[60059.65,0.281],[60060.65,0.745],[60061.65,1.28],[60062.65,1.549],[60063.65,0.829],[60064.65,2.021],[60065.65,1.312],[60066.65,1.652],[60067.65,2.817],[60068.65,2.923],[60069.65,3.983],[60070.65,2.168],[60071.65,4.29],[60072.65,4.469],[60073.65,4.13]]}
{"t":1700000062000,"b":[[59984.3,0.206],[59983.3,0.934],[59982.3,1.316],[59981.3,0.71],[59980.3,2.099],[59979.3,1.615],[59978.3,1.411],[59977.3,2.374],[59976.3,1.691],[59975.3,3.75],[59974.3,3.051],[59973.3,4.018],[59972.3,2.994],[59971.3,3.773],[59970.3,3.351]],"a":[[59988.22,0.305],[59989.22,0.658],[59990.22,0.898],[59991.22,0.688],[59992.22,2.074],[59993.22,1.6],[59994.22,2.545],[59995.22,3.041],[59996.22,2.09],[59997.22,2.422],[59998.22,3.081],[59999.22,2.272],[60000.22,2.196],[60001.22,2.777],[60002.22,5.596]]}
{"t":1700000063000,"b":[[59994.22,0.261],[59993.22,0.539],[59992.22,0.792],[59991.22,1.533],[59990.22,1.399],[59989.22,1.905],[59988.22,2.251],[59987.22,1.628],[59986.22,3.172],[59985.22,3.886],[59984.22,3.311],[59983.22,3.12],[59982.22,2.272],[59981.22,4.727],[59980.22,2.61]],"a":[[59997.06,0.488],[59998.06,0.642],[59999.06,1.275],[60000.06,1.198],[60001.06,1.599],[60002.06,0.922],[60003.06,1.014],[60004.06,2.895],[60005.06,3.468],[60006.06,3.096],[60007.06,3.667],[60008.06,2.874],[60009.06,4.565],[60010.06,2.67],[60011.06,4.708]]}
{"t":1700000064000,"b":[[60036.7,0.467],[60035.7,0.726],[60034.7,0.885],[60033.7,1.136],[60032.7,0.709],[60031.7,1.735],[60030.7,0.973],[60029.7,2.213],[60028.7,1.859],[60027.7,3.915],[60026.7,1.5],[60025.7,4.136],[60024.7,3.992],[60023.7,4.768],[60022.7,5.498]],"a":[[60039.94,0.243],[60040.94,0.388],[60041.94,0.584],[60042.94,0.796],[60043.94,1.437],[60044.94,2.17],[60045.94,1.458],[60046.94,1.928],[60047.94,2.095],[60048.94,2.401],[60049.94,3.089],[60050.94,4.694],[60051.94,2.468],[60052.94,4.322],[60053.94,5.257]]}
{"t":1700000065000,"b":[[60038.92,0.504],[60037.92,0.386],[60036.92,0.791],[60035.92,1.211],[60034.92,0.779],[60033.92,0.841],[60032.92,1.276],[60031.92,2.15],[60030.92,2.241],[60029.92,3.404],[60028.92,3.091],[60027.92,4.278],[60026.92,2.024],[60025.92,3.753],[60024.92,2.116]],"a":[[60042.63,0.285],[60043.63,0.889],[60044.63,1.249],[60045.63,1.122],[60046.63,0.765],[60047.63,0.948],[60048.63,2.709],[60049.63,3.009],[60050.63,2.552],[60051.63,1.412],[60052.63,4.143],[60053.63,2.566],[60054.63,4.969],[60055.63,3.968],[60056.63,4.884]]}
{"t":1700000066000,"b":[[60031.18,0.296],[60030.18,0.868],[60029.18,0.8],[60028.18,1.606],[60027.18,1.164],[60026.18,2.072],[60025.18,1.216],[60024.18,3.2],[60023.18,2.938],[60022.18,2.652],[60021.18,4.276],[60020.18,1.744],[60019.18,3.186],[60018.18,4.886],[60017.18,3.278]],"a":[[60033.51,0.508],[60034.51,0.946],[60035.51,0.807],[60036.51,1.465],[60037.51,0.741],[60038.51,1.276],[60039.51,2.836],[60040.51,2.13],[60041.51,2.054],[60042.51,3.819],[60043.51,2.702],[60044.51,3.716],[60045.51,3.946],[60046.51,2.138],[60047.51,4.363]]}
{"t":1700000067000,"b":[[59995.33,0.233],[59994.33,0.425],[59993.33,1.091],[59992.33,1.304],[59991.33,1.736],[59990.33,1.348],[59989.33,1.152],[59988.33,1.086],[59987.33,1.94],[59986.33,2.279],[59985.33,2.232],[59984.33,1.992],[59983.33,2.337],[59982.33,3.463],[59981.33,4.113]],"a":[[59998.75,0.363],[59999.75,0.342],[60000.75,0.769],[60001.75,0.682],[60002.75,1.537],[60003.75,1.36],[60004.75,1.682],[60005.75,1.702],[60006.75,2.131],[60007.75,1.549],[60008.75,4.063],[60009.75,4.426],[60010.75,5.026],[60011.75,3.913],[60012.75,2.611]]}
{"t":1700000068000,"b":[[59981.14,0.225],[59980.14,0.608],[59979.14,0.829],[59978.14,1.132],[59977.14,0.808],[59976.14,1.24],[59975.14,1.419],[59974.14,2.419],[59973.14,2.625],[59972.14,1.843],[59971.14,1.76],[59970.14,2.535],[59969.14,4.926],[59968.14,3.038],[59967.14,4.369]],"a":[[59984.13,0.522],[59985.13,0.539],[59986.13,0.751],[59987.13,1.513],[59988.13,1.903],[59989.13,2.432],[59990.13,1.209],[59991.13,1.764],[59992.13,3.473],[59993.13,1.857],[59994.13,2.361],[59995.13,4.613],[59996.13,4.994],[59997.13,2.889],[59998.13,4.66]]}
{"t":1700000069000,"b":[[59994.46,0.297],[59993.46,0.569],[59992.46,1.185],[59991.46,1.027],[59990.46,0.859],[59989.46,1.755],[59988.46,2.075],[59987.46,2.248],[59986.46,2.836],[59985.46,2.783],[59984.46,4.214],[59983.46,3.029],[59982.46,4.108],[59981.46,3.425],[59980.46,3.086]],"a":[[59997.61,0.477],[59998.61,0.857],[59999.61,1.166],[60000.61,1.046],[60001.61,1.399],[60002.61,1.87],[60003.61,1.41],[60004.61,2.491],[60005.61,2.917],[60006.61,3.416],[60007.61,1.664],[60008.61,4.696],[60009.61,3.329],[60010.61,3.288],[60011.61,3.926]]}
{"t":1700000070000,"b":[[60042.73,0.344],[60041.73,0.907],[60040.73,0.933],[60039.73,1.309],[60038.73,0.819],[60037.73,2.094],[60036.73,2.199],[60035.73,1.838],[60034.73,2.753],[60033.73,1.442],[60032.73,4.302],[60031.73,3.709],[60030.73,3.059],[60029.73,4.572],[60028.73,5.716]],"a":[[60046.31,0.372],[60047.31,0.332],[60048.31,0.683],[60049.31,1.162],[60050.31,1.426],[60051.31,1.783],[60052.31,2.043],[60053.31,2.033],[60054.31,2.139],[60055.31,3.372],[60056.31,3.157],[60057.31,3.151],[60058.31,2.873],[60059.31,1.915],[60060.31,2.358]]}
{"t":1700000071000,"b":[[60016.05,0.246],[60015.05,0.936],[60014.05,0.578],[60013.05,0.934],[60012.05,1.337],[60011.05,1.166],[60010.05,1.868],[60009.05,2.099],[60008.05,2.252],[60007.05,3.171],[60006.05,2.375],[60005.05,2.521],[60004.05,4.455],[60003.05,2.245],[60002.05,5.262]],"a":[[60019.98,0.459],[60020.98,0.765],[60021.98,0.598],[60022.98,1.706],[60023.98,1.041],[60024.98,1.113],[60025.98,1.254],[60026.98,2.279],[60027.98,3.5],[60028.98,1.939],[60029.98,2.625],[60030.98,2.156],[60031.98,3.878],[60032.98,3.402],[60033.98,2.064]]}
{"t":1700000072000,"b":[[59998.63,0.482],[59997.63,0.459],[59996.63,1.127],[59995.63,1.505],[59994.63,0.788],[59993.63,0.993],[59992.63,2.607],[59991.63,1.477],[59990.63,1.982],[59989.63,2.538],[59988.63,2.211],[59987.63,4.292],[59986.63,3.494],[59985.63,4.158],[59984.63,4.278]],"a":[[60001.41,0.445],[60002.41,0.707],[60003.41,0.763],[60004.41,1.547],[60005.41,1.564],[60006.41,2.168],[60007.41,2.291],[60008.41,1.715],[60009.41,2.675],[60010.41,1.55],[60011.41,1.838],[60012.41,1.946],[60013.41,2.738],[60014.41,2.493],[60015.41,4.654]]}
{"t":1700000073000,"b":[[59982.92,0.255],[59981.92,0.574],[59980.92,0.617],[59979.92,1.306],[59978.92,1.671],[59977.92,1.89],[59976.92,2.85],[59975.92,2.268],[59974.92,2.375],[59973.92,1.697],[59972.92,2.362],[59971.92,2.996],[59970.92,1.882],[59969.92,3.135],[59968.92,1.987]],"a":[[59985.76,0.255],[59986.76,0.855],[59987.76,1.317],[59988.76,1.156],[59989.76,1.393],[59990.76,1.955],[59991.76,1.74],[59992.76,2.881],[59993.76,2.373],[59994.76,1.544],[59995.76,1.539],[59996.76,3.972],[59997.76,2.693],[59998.76,2.828],[59999.76,4.047]]}
{"t":1700000074000,"b":[[60002.14,0.42],[60001.14,0.399],[60000.14,0.553],[59999.14,1.466],[59998.14,1.853],[59997.14,1.43],[59996.14,2.513],[59995.14,1.164],[59994.14,2.926],[59993.14,2.773],[59992.14,4.32],[59991.14,1.898],[59990.14,4.522],[59989.14,4.567],[59988.14,3.111]],"a":[[60005.67,0.6],[60006.67,0.617],[60007.67,0.764],[60008.67,1.514],[60009.67,1.315],[60010.67,2.465],[60011.67,2.424],[60012.67,1.584],[60013.67,3.146],[60014.67,2.883],[60015.67,2.467],[60016.67,3.814],[60017.67,3.851],[60018.67,2.431],[60019.67,2.493]]}
{"t":1700000075000,"b":[[60037.37,0.224],[60036.37,0.553],[60035.37,0.703],[60034.37,1.195],[60033.37,1.153],[60032.37,1.987],[60031.37,1.5],[60030.37,1.65],[60029.37,3.259],[60028.37,3.937],[60027.37,3.42],[60026.37,1.875],[60025.37,4.973],[60024.37,4.693],[60023.37,5.533]],"a":[[60039.78,0.597],[60040.78,0.889],[60041.78,0.564],[60042.78,1.571],[60043.78,1.05],[60044.78,1.999],[60045.78,2.524],[60046.78,2.712],[60047.78,2.823],[60048.78,2.622],[60049.78,3.125],[60050.78,2.421],[60051.78,3.108],[60052.78,3.475],[60053.78,4.421]]}
{"t":1700000076000,"b":[[60048.92,0.575],[60047.92,0.565],[60046.92,1.305],[60045.92,0.951],[60044.92,0.703],[60043.92,2.102],[60042.92,2.342],[60041.92,2.647],[60040.92,2.3],[60039.92,3.085],[60038.92,2.489],[60037.92,1.774],[60036.92,3.517],[60035.92,2.62],[60034.92,3.626]],"a":[[60051.47,0.285],[60052.47,0.5],[60053.47,1.196],[60054.47,0.963],[60055.47,1.509],[60056.47,1.759],[60057.47,1.872],[60058.47,1.814],[60059.47,2.838],[60060.47,1.453],[60061.47,1.739],[60062.47,4.044],[60063.47,3.263],[60064.47,2.278],[60065.47,5.295]]}
{"t":1700000077000,"b":[[60038.3,0.583],[60037.3,0.457],[60036.3,1.07],[60035.3,0.727],[60034.3,1.61],[60033.3,1.087],[60032.3,2.722],[60031.3,1.664],[60030.3,2.771],[60029.3,1.989],[60028.3,2.528],[60027.3,4.422],[60026.3,2.263],[60025.3,3.272],[60024.3,3.141]],"a":[[60040.3,0.48],[60041.3,0.477],[60042.3,1.04],[60043.3,1.384],[60044.3,0.702],[60045.3,1.612],[60046.3,1.202],[60047.3,1.561],[60048.3,2.832],[60049.3,1.35],[60050.3,3.467],[60051.3,4.149],[60052.3,5.06],[60053.3,3.366],[60054.3,2.465]]}
{"t":1700000078000,"b":[[60070.17,0.325],[60069.17,0.898],[60068.17,0.573],[60067.17,1.464],[60066.17,1.754],[60065.17,1.045],[60064.17,2.837],[60063.17,1.382],[60062.17,2.473],[60061.17,1.347],[60060.17,3.335],[60059.17,2.961],[60058.17,4.156],[60057.17,4.117],[60056.17,2.54]],"a":[[60072.37,0.365],[60073.37,0.771],[60074.37,1.224],[60075.37,0.675],[60076.37,0.841],[60077.37,2.067],[60078.37,2.07],[60079.37,1.901],[60080.37,3.512],[60081.37,2.158],[60082.37,1.856],[60083.37,2.447],[60084.37,1.986],[60085.37,3.845],[60086.37,4.29]]}
{"t":1700000079000,"b":[[60084.74,0.476],[60083.74,0.876],[60082.74,1.043],[60081.74,0.922],[60080.74,1.425],[60079.74,1.666],[60078.74,2.371],[60077.74,1.71],[60076.74,1.331],[60075.74,3.704],[60074.74,4.219],[60073.74,3.134],[60072.74,2.083],[60071.74,3.648],[60070.74,4.266]],"a":[[60088.3,0.411],[60089.3,0.961],[60090.3,1.338],[60091.3,1.649],[60092.3,0.885],[60093.3,2.245],[60094.3,2.03],[60095.3,1.861],[60096.3,2.839],[60097.3,3.346],[60098.3,4.218],[60099.3,4.002],[60100.3,1.757],[60101.3,2.071],[60102.3,2.973]]}
{"t":1700000080000,"b":[[60097.35,0.451],[60096.35,0.651],[60095.35,0.824],[60094.35,1.382],[60093.35,0.815],[60092.35,1.71],[60091.35,2.12],[60090.35,1.672],[60089.35,1.944],[60088.35,2.68],[60087.35,2.039],[60086.35,4.12],[60085.35,3.524],[60084.35,3.251],[60083.35,4.424]],"a":[[60100.36,0.534],[60101.36,0.768],[60102.36,0.51],[60103.36,1.378],[60104.36,1.722],[60105.36,2.222],[60106.36,1.06],[60107.36,1.26],[60108.36,2.243],[60109.36,2.526],[60110.36,3.216],[60111.36,2.549],[60112.36,4.222],[60113.36,4.528],[60114.36,2.416]]}
{"t":1700000081000,"b":[[60100.31,0.266],[60099.31,0.944],[60098.31,0.921],[60097.31,1.475],[60096.31,1.709],[60095.31,1.1],[60094.31,1.191],[60093.31,2.754],[60092.31,1.845],[60091.31,3.674],[60090.31,3.687],[60089.31,1.667],[60088.31,4.444],[60087.31,2.818],[60086.31,2.199]],"a":[[60103.71,0.485],[60104.71,0.7],[60105.71,0.519],[60106.71,1.098],[60107.71,1.204],[60108.71,1.649],[60109.71,2.027],[60110.71,1.866],[60111.71,1.812],[60112.71,1.598],[60113.71,3.114],[60114.71,3.852],[60115.71,2.477],[60116.71,3.682],[60117.71,2.122]]}
{"t":1700000082000,"b":[[60118.23,0.26],[60117.23,0.93],[60116.23,1.222],[60115.23,1.211],[60114.23,1.98],[60113.23,2.047],[60112.23,1.747],[60111.23,1.767],[60110.23,2.199],[60109.23,3.234],[60108.23,2.237],[60107.23,1.82],[60106.23,2.968],[60105.23,3.657],[60104.23,5.468]],"a":[[60120.99,0.272],[60121.99,0.848],[60122.99,1.333],[60123.99,1.672],[60124.99,0.796],[60125.99,1.592],[60126.99,1.486],[60127.99,2.891],[60128.99,1.986],[60129.99,2.791],[60130.99,1.473],[60131.99,2.207],[60132.99,3.617],[60133.99,2.934],[60134.99,4.379]]}
{"t":1700000083000,"b":[[60097.53,0.397],[60096.53,0.827],[60095.53,0.626],[60094.53,1.611],[60093.53,1.765],[60092.53,1.229],[60091.53,0.962],[60090.53,1.957],[60089.53,1.759],[60088.53,2.243],[60087.53,3.885],[60086.53,4.338],[60085.53,4.933],[60084.53,1.83],[60083.53,4.513]],"a":[[60100.71,0.54],[60101.71,0.798],[60102.71,0.544],[60103.71,1.184],[60104.71,1.033],[60105.71,1.637],[60106.71,1.064],[60107.71,3.218],[60108.71,2.908],[60109.71,1.572],[60110.71,4.122],[60111.71,4.401],[60112.71,3.467],[60113.71,4.383],[60114.71,3.403]]}
{"t":1700000084000,"b":[[60112.98,0.528],[60111.98,0.374],[60110.98,0.961],[60109.98,1.075],[60108.98,2.05],[60107.98,1.216],[60106.98,1.446],[60105.98,1.752],[60104.98,3.122],[60103.98,3.182],[60102.98,3.583],[60101.98,2.577],[60100.98,2.625],[60099.98,2.098],[60098.98,2.741]],"a":[[60115.25,0.512],[60116.25,0.705],[60117.25,0.59],[60118.25,0.764],[60119.25,1.352],[60120.25,1.496],[60121.25,1.968],[60122.25,3.149],[60123.25,1.698],[60124.25,2.142],[60125.25,2.219],[60126.25,1.953],[60127.25,2.236],[60128.25,4.329],[60129.25,5.173]]}
{"t":1700000085000,"b":[[60110.66,0.534],[60109.66,0.538],[60108.66,0.532],[60107.66,0.86],[60106.66,1.198],[60105.66,1.672],[60104.66,2.237],[60103.66,1.634],[60102.66,3.578],[60101.66,1.407],[60100.66,2.623],[60099.66,2.999],[60098.66,4.243],[60097.66,2.737],[60096.66,3.752]],"a":[[60112.74,0.522],[60113.74,0.416],[60114.74,0.461],[60115.74,1.53],[60116.74,2.076],[60117.74,1.041],[60118.74,2.515],[60119.74,1.875],[60120.74,2.713],[60121.74,3.033],[60122.74,3.139],[60123.74,2.39],[60124.74,4.463],[60125.74,1.905],[60126.74,2.201]]}
{"t":1700000086000,"b":[[60141.74,0.532],[60140.74,0.541],[60139.74,0.488],[60138.74,1.105],[60137.74,0.935],[60136.74,1.772],[60135.74,2.511],[60134.74,1.924],[60133.74,1.271],[60132.74,3.136],[60131.74,1.951],[60130.74,2.251],[60129.74,2.336],[60128.74,2.846],[60127.74,5.395]],"a":[[60145.55,0.214],[60146.55,0.727],[60147.55,0.671],[60148.55,0.914],[60149.55,1.277],[60150.55,1.734],[60151.55,1.066],[60152.55,1.677],[60153.55,1.529],[60154.55,1.854],[60155.55,4.015],[60156.55,3.231],[60157.55,3.845],[60158.55,4.753],[60159.55,5.05]]}
{"t":1700000087000,"b":[[60119.41,0.344],[60118.41,0.679],[60117.41,0.886],[60116.41,1.625],[60115.41,1.403],[60114.41,1.466],[60113.41,1.292],[60112.41,1.761],[60111.41,1.726],[60110.41,3.699],[60109.41,3.708],[60108.41,1.76],[60107.41,5.071],[60106.41,3.757],[60105.41,4.941]],"a":[[60122.97,0.6],[60123.97,0.958],[60124.97,0.54],[60125.97,1.33],[60126.97,1.073],[60127.97,2.172],[60128.97,2.693],[60129.97,1.195],[60130.97,3.591],[60131.97,1.906],[60132.97,3.905],[60133.97,4.087],[60134.97,2.906],[60135.97,4.888],[60136.97,5.246]]}
{"t":1700000088000,"b":[[60141.14,0.566],[60140.14,0.343],[60139.14,1.081],[60138.14,1.665],[60137.14,1.489],[60136.14,1.754],[60135.14,1.308],[60134.14,3.199],[60133.14,3.316],[60132.14,2.629],[60131.14,2.346],[60130.14,3.12],[60129.14,2.007],[60128.14,2.674],[60127.14,2.803]],"a":[[60144.54,0.411],[60145.54,0.325],[60146.54,1.276],[60147.54,0.807],[60148.54,0.883],[60149.54,2.008],[60150.54,2.696],[60151.54,2.89],[60152.54,1.977],[60153.54,1.383],[60154.54,3.151],[60155.54,4.464],[60156.54,4.333],[60157.54,4.915],[60158.54,5.307]]}
{"t":1700000089000,"b":[[60184.72,0.577],[60183.72,0.582],[60182.72,0.541],[60181.72,0.922],[60180.72,0.891],[60179.72,1.085],[60178.72,2.753],[60177.72,2.777],[60176.72,3.506],[60175.72,3.045],[60174.72,1.955],[60173.72,4.627],[60172.72,4.058],[60171.72,5.215],[60170.72,5.019]],"a":[[60187.46,0.289],[60188.46,0.708],[60189.46,0.608],[60190.46,0.928],[60191.46,1.664],[60192.46,1.035],[60193.46,2.335],[60194.46,3.115],[60195.46,3.477],[60196.46,2.363],[60197.46,4.333],[60198.46,4.615],[60199.46,1.81],[60200.46,4.024],[60201.46,5.542]]}
{"t":1700000090000,"b":[[60209.14,0.256],[60208.14,0.809],[60207.14,0.664],[60206.14,1.705],[60205.14,0.935],[60204.14,2.286],[60203.14,1.119],[60202.14,2.599],[60201.14,2.734],[60200.14,3.675],[60199.14,2.745],[60198.14,2.41],[60197.14,2.548],[60196.14,2.072],[60195.14,2.951]],"a":[[60213.02,0.243],[60214.02,0.326],[60215.02,0.797],[60216.02,1.417],[60217.02,2.057],[60218.02,2.285],[60219.02,1.887],[60220.02,1.889],[60221.02,2.51],[60222.02,1.594],[60223.02,2.841],[60224.02,4.297],[60225.02,3.913],[60226.02,4.333],[60227.02,2.584]]}
{"t":1700000091000,"b":[[60204.06,0.318],[60203.06,0.532],[60202.06,1.306],[60201.06,0.66],[60200.06,0.938],[60199.06,1.445],[60198.06,2.341],[60197.06,2.251],[60196.06,3.355],[60195.06,1.572],[60194.06,3.173],[60193.06,3.508],[60192.06,3.341],[60191.06,1.938],[60190.06,5.626]],"a":[[60207.76,0.266],[60208.76,0.903],[60209.76,0.591],[60210.76,0.691],[60211.76,0.988],[60212.76,1.138],[60213.76,2.275],[60214.76,2.627],[60215.76,2.952],[60216.76,2.028],[60217.76,2.266],[60218.76,2.323],[60219.76,1.869],[60220.76,3.912],[60221.76,5.225]]}
{"t":1700000092000,"b":[[60224.08,0.465],[60223.08,0.715],[60222.08,0.63],[60221.08,0.605],[60220.08,0.939],[60219.08,1.306],[60218.08,1.106],[60217.08,2.889],[60216.08,1.94],[60215.08,2.378],[60214.08,2.868],[60213.08,3.657],[60212.08,2.01],[60211.08,3.811],[60210.08,2.671]],"a":[[60226.67,0.554],[60227.67,0.565],[60228.67,0.851],[60229.67,0.878],[60230.67,1.351],[60231.67,1.198],[60232.67,1.46],[60233.67,1.208],[60234.67,3.005],[60235.67,3.094],[60236.67,1.699],[60237.67,2.658],[60238.67,3.541],[60239.67,5.368],[60240.67,4.25]]}
{"t":1700000093000,"b":[[60251.64,0.527],[60250.64,0.597],[60249.64,0.932],[60248.64,1.572],[60247.64,1.365],[60246.64,2.28],[60245.64,1.855],[60244.64,1.245],[60243.64,3.367],[60242.64,3.218],[60241.64,2.906],[60240.64,4.411],[60239.64,4.422],[60238.64,4.298],[60237.64,4.369]],"a":[[60255.33,0.248],[60256.33,0.817],[60257.33,0.606],[60258.33,1.707],[60259.33,2.061],[60260.33,2.159],[60261.33,1.19],[60262.33,1.985],[60263.33,3.572],[60264.33,2.479],[60265.33,4.342],[60266.33,3.551],[60267.33,4.536],[60268.33,2.766],[60269.33,5.502]]}
{"t":1700000094000,"b":[[60263.64,0.33],[60262.64,0.505],[60261.64,0.862],[60260.64,1.579],[60259.64,1.801],[60258.64,1.853],[60257.64,1.943],[60256.64,1.977],[60255.64,2.195],[60254.64,1.718],[60253.64,3.155],[60252.64,3.964],[60251.64,4.895],[60250.64,5.201],[60249.64,4.144]],"a":[[60266.44,0.24],[60267.44,0.511],[60268.44,0.932],[60269.44,0.97],[60270.44,1.275],[60271.44,1.457],[60272.44,1.873],[60273.44,2.384],[60274.44,1.29],[60275.44,2.055],[60276.44,1.867],[60277.44,3.492],[60278.44,4.058],[60279.44,1.967],[60280.44,5.419]]}
{"t":1700000095000,"b":[[60256.89,0.498],[60255.89,0.924],[60254.89,1.257],[60253.89,0.598],[60252.89,1.844],[60251.89,1.325],[60250.89,1.483],[60249.89,2.132],[60248.89,2.871],[60247.89,1.585],[60246.89,3.97],[60245.89,1.998],[60244.89,5.012],[60243.89,3.442],[60242.89,5.171]],"a":[[60259.36,0.308],[60260.36,0.596],[60261.36,1.031],[60262.36,0.791],[60263.36,0.996],[60264.36,2.185],[60265.36,2.358],[60266.36,2.708],[60267.36,3.281],[60268.36,3.501],[60269.36,2.944],[60270.36,2.076],[60271.36,2.758],[60272.36,3.675],[60273.36,2.479]]}
{"t":1700000096000,"b":[[60301.14,0.533],[60300.14,0.869],[60299.14,0.675],[60298.14,1.1],[60297.14,1.985],[60296.14,1.988],[60295.14,1.471],[60294.14,2.846],[60293.14,2.412],[60292.14,3.009],[60291.14,1.809],[60290.14,1.671],[60289.14,2.966],[60288.14,3.993],[60287.14,2.643]],"a":[[60303.53,0.548],[60304.53,0.706],[60305.53,0.765],[60306.53,0.763],[60307.53,1.952],[60308.53,2.061],[60309.53,2.259],[60310.53,1.688],[60311.53,2.128],[60312.53,1.757],[60313.53,3.11],[60314.53,4.614],[60315.53,4.614],[60316.53,4.188],[60317.53,4.593]]}
{"t":1700000097000,"b":[[60241.11,0.208],[60240.11,0.832],[60239.11,1.141],[60238.11,0.585],[60237.11,1.976],[60236.11,1.893],[60235.11,2.092],[60234.11,1.093],[60233.11,1.806],[60232.11,3.458],[60231.11,2.336],[60230.11,4.621],[60229.11,3.885],[60228.11,3.372],[60227.11,3.418]],"a":[[60243.93,0.339],[60244.93,0.489],[60245.93,0.87],[60246.93,1.354],[60247.93,1.854],[60248.93,1.48],[60249.93,1.144],[60250.93,2.175],[60251.93,2.79],[60252.93,3.56],[60253.93,2.535],[60254.93,3.614],[60255.93,3.771],[60256.93,2.914],[60257.93,2.372]]}
{"t":1700000098000,"b":[[60340.06,0.304],[60339.06,0.787],[60338.06,1.253],[60337.06,0.919],[60336.06,0.91],[60335.06,2.088],[60334.06,2.659],[60333.06,2.807],[60332.06,3.126],[60331.06,2.915],[60330.06,3.366],[60329.06,3.719],[60328.06,4.152],[60327.06,4.217],[60326.06,5.84]],"a":[[60343.78,0.304],[60344.78,0.597],[60345.78,0.799],[60346.78,0.616],[60347.78,1.691],[60348.78,1.769],[60349.78,1.311],[60350.78,2.637],[60351.78,1.734],[60352.78,2.742],[60353.78,3.726],[60354.78,4.431],[60355.78,3.984],[60356.78,3.677],[60357.78,5.247]]}
{"t":1700000099000,"b":[[60382.24,0.272],[60381.24,0.388],[60380.24,0.565],[60379.24,0.872],[60378.24,1.832],[60377.24,2.084],[60376.24,1.298],[60375.24,2.536],[60374.24,2.006],[60373.24,1.562],[60372.24,2.48],[60371.24,3.919],[60370.24,2.744],[60369.24,4.702],[60368.24,3.242]],"a":[[60386.0,0.304],[60387.0,0.516],[60388.0,1.216],[60389.0,1.116],[60390.0,1.913],[60391.0,1.788],[60392.0,2.744],[60393.0,1.228],[60394.0,3.335],[60395.0,2.651],[60396.0,3.966],[60397.0,2.777],[60398.0,2.714],[60399.0,2.022],[60400.0,5.282]]}
{"t":1700000100000,"b":[[60398.3,0.563],[60397.3,0.622],[60396.3,0.735],[60395.3,1.398],[60394.3,1.791],[60393.3,1.63],[60392.3,2.149],[60391.3,1.455],[60390.3,2.723],[60389.3,1.337],[60388.3,2.243],[60387.3,3.973],[60386.3,2.273],[60385.3,4.615],[60384.3,3.859]],"a":[[60401.44,0.505],[60402.44,0.382],[60403.44,1.003],[60404.44,1.304],[60405.44,1.265],[60406.44,2.418],[60407.44,1.678],[60408.44,1.156],[60409.44,1.679],[60410.44,2.314],[60411.44,1.491],[60412.44,2.59],[60413.44,4.533],[60414.44,2.521],[60415.44,4.589]]}
{"t":1700000101000,"b":[[60417.03,0.477],[60416.03,0.549],[60415.03,0.566],[60414.03,1.016],[60413.03,1.524],[60412.03,1.101],[60411.03,2.515],[60410.03,1.716],[60409.03,1.898],[60408.03,3.254],[60407.03,3.179],[60406.03,2.639],[60405.03,4.719],[60404.03,5.458],[60403.03,3.287]],"a":[[60419.53,0.561],[60420.53,0.559],[60421.53,0.62],[60422.53,1.665],[60423.53,1.985],[60424.53,1.491],[60425.53,1.384],[60426.53,2.638],[60427.53,1.515],[60428.53,3.27],[60429.53,3.16],[60430.53,2.107],[60431.53,2.946],[60432.53,4.199],[60433.53,2.096]]}
{"t":1700000102000,"b":[[60437.13,0.598],[60436.13,0.755],[60435.13,1.038],[60434.13,0.598],[60433.13,1.666],[60432.13,1.513],[60431.13,1.672],[60430.13,2.252],[60429.13,2.339],[60428.13,1.731],[60427.13,3.466],[60426.13,3.56],[60425.13,2.724],[60424.13,4.24],[60423.13,4.534]],"a":[[60439.23,0.308],[60440.23,0.719],[60441.23,0.573],[60442.23,1.53],[60443.23,0.847],[60444.23,2.011],[60445.23,1.174],[60446.23,1.32],[60447.23,1.455],[60448.23,1.851],[60449.23,2.029],[60450.23,2.403],[60451.23,3.479],[60452.23,2.561],[60453.23,4.693]]}
{"t":1700000103000,"b":[[60417.63,0.399],[60416.63,0.46],[60415.63,1.29],[60414.63,0.955],[60413.63,0.704],[60412.63,1.933],[60411.63,2.673],[60410.63,2.871],[60409.63,2.806],[60408.63,1.72],[60407.63,1.711],[60406.63,3.187],[60405.63,4.16],[60404.63,2.195],[60403.63,2.948]],"a":[[60419.7,0.292],[60420.7,0.968],[60421.7,0.716],[60422.7,1.109],[60423.7,0.84],[60424.7,1.113],[60425.7,1.025],[60426.7,1.7],[60427.7,3.124],[60428.7,2.154],[60429.7,3.592],[60430.7,1.874],[60431.7,4.278],[60432.7,1.992],[60433.7,5.273]]}
{"t":1700000104000,"b":[[60405.75,0.449],[60404.75,0.896],[60403.75,0.534],[60402.75,1.512],[60401.75,0.956],[60400.75,1.486],[60399.75,2.778],[60398.75,1.659],[60397.75,2.126],[60396.75,3.579],[60395.75,3.77],[60394.75,3.619],[60393.75,4.409],[60392.75,2.238],[60391.75,4.665]],"a":[[60408.62,0.223],[60409.62,0.938],[60410.62,0.593],[60411.62,1.053],[60412.62,1.527],[60413.62,2.149],[60414.62,2.239],[60415.62,1.465],[60416.62,2.111],[60417.62,2.275],[60418.62,1.534],[60419.62,3.731],[60420.62,4.551],[60421.62,5.378],[60422.62,2.46]]}
{"t":1700000105000,"b":[[60387.12,0.365],[60386.12,0.355],[60385.12,0.685],[60384.12,0.936],[60383.12,1.686],[60382.12,1.944],[60381.12,2.408],[60380.12,2.315],[60379.12,2.556],[60378.12,3.916],[60377.12,3.393],[60376.12,2.641],[60375.12,3.479],[60374.12,4.382],[60373.12,2.321]],"a":[[60389.34,0.465],[60390.34,0.487],[60391.34,0.761],[60392.34,1.353],[60393.34,1.239],[60394.34,2.209],[60395.34,2.011],[60396.34,3.199],[60397.34,1.331],[60398.34,3.03],[60399.34,1.905],[60400.34,4.249],[60401.34,4.596],[60402.34,4.998],[60403.34,2.242]]}
{"t":1700000106000,"b":[[60360.32,0.289],[60359.32,0.743],[60358.32,0.813],[60357.32,0.845],[60356.32,1.343],[60355.32,2.147],[60354.32,1.801],[60353.32,2.917],[60352.32,2.273],[60351.32,1.64],[60350.32,2.892],[60349.32,3.633],[60348.32,2.049],[60347.32,3.33],[60346.32,4.123]],"a":[[60362.42,0.2],[60363.42,0.384],[60364.42,0.994],[60365.42,1.287],[60366.42,1.126],[60367.42,1.664],[60368.42,1.343],[60369.42,2.519],[60370.42,3.481],[60371.42,2.288],[60372.42,1.607],[60373.42,2.277],[60374.42,3.245],[60375.42,3.87],[60376.42,4.367]]}
{"t":1700000107000,"b":[[60361.13,0.486],[60360.13,0.399],[60359.13,1.133],[60358.13,0.83],[60357.13,1.178],[60356.13,2.194],[60355.13,2.782],[60354.13,1.703],[60353.13,2.453],[60352.13,3.186],[60351.13,1.583],[60350.13,2.092],[60349.13,2.178],[60348.13,4.442],[60347.13,4.764]],"a":[[60364.44,0.243],[60365.44,0.722],[60366.44,0.619],[60367.44,1.645],[60368.44,1.25],[60369.44,1.579],[60370.44,2.435],[60371.44,2.616],[60372.44,1.459],[60373.44,2.423],[60374.44,4.137],[60375.44,4.213],[60376.44,3.702],[60377.44,4.643],[60378.44,3.707]]}
{"t":1700000108000,"b":[[60312.03,0.412],[60311.03,0.357],[60310.03,1.292],[60309.03,1.54],[60308.03,1.376],[60307.03,1.664],[60306.03,2.7],[60305.03,1.456],[60304.03,2.589],[60303.03,3.261],[60302.03,1.822],[60301.03,2.795],[60300.03,3.742],[60299.03,5.047],[60298.03,3.916]],"a":[[60315.02,0.354],[60316.02,0.962],[60317.02,1.274],[60318.02,1.452],[60319.02,1.083],[60320.02,2.415],[60321.02,2.794],[60322.02,2.049],[60323.02,1.52],[60324.02,2.419],[60325.02,3.48],[60326.02,3.933],[60327.02,2.716],[60328.02,4.385],[60329.02,5.307]]}
{"t":1700000109000,"b":[[60235.69,0.453],[60234.69,0.456],[60233.69,1.012],[60232.69,0.909],[60231.69,1.183],[60230.69,1.934],[60229.69,2.815],[60228.69,2.473],[60227.69,3.5],[60226.69,2.66],[60225.69,3.464],[60224.69,2.591],[60223.69,2.092],[60222.69,3.111],[60221.69,3.823]],"a":[[60239.56,0.428],[60240.56,0.759],[60241.56,0.826],[60242.56,1.435],[60243.56,1.878],[60244.56,1.297],[60245.56,2.56],[60246.56,2.813],[60247.56,2.455],[60248.56,1.392],[60249.56,1.871],[60250.56,3.686],[60251.56,2.38],[60252.56,4.563],[60253.56,2.578]]}
{"t":1700000110000,"b":[[60229.67,0.318],[60228.67,0.815],[60227.67,0.479],[60226.67,1.511],[60225.67,0.843],[60224.67,2.257],[60223.67,2.355],[60222.67,2.934],[60221.67,2.982],[60220.67,2.812],[60219.67,2.139],[60218.67,4.046],[60217.67,4.416],[60216.67,2.875],[60215.67,4.542]],"a":[[60233.06,0.571],[60234.06,0.577],[60235.06,1.311],[60236.06,1.697],[60237.06,1.138],[60238.06,1.736],[60239.06,0.975],[60240.06,1.615],[60241.06,2.689],[60242.06,3.394],[60243.06,3.973],[60244.06,4.189],[60245.06,4.799],[60246.06,4.397],[60247.06,4.476]]}
{"t":1700000111000,"b":[[60256.55,0.441],[60255.55,0.829],[60254.55,1.318],[60253.55,0.913],[60252.55,0.948],[60251.55,1.951],[60250.55,1.305],[60249.55,1.449],[60248.55,2.433],[60247.55,2.325],[60246.55,2.693],[60245.55,3.328],[60244.55,2.142],[60243.55,3.957],[60242.55,2.945]],"a":[[60259.64,0.332],[60260.64,0.786],[60261.64,0.589],[60262.64,0.752],[60263.64,1.152],[60264.64,0.909],[60265.64,2.722],[60266.64,2.399],[60267.64,2.789],[60268.64,2.625],[60269.64,3.111],[60270.64,2.703],[60271.64,4.366],[60272.64,2.985],[60273.64,2.808]]}
{"t":1700000112000,"b":[[60262.16,0.415],[60261.16,0.385],[60260.16,0.649],[60259.16,0.82],[60258.16,1.165],[60257.16,1.42],[60256.16,1.365],[60255.16,2.693],[60254.16,2.473],[60253.16,3.966],[60252.16,3.839],[60251.16,4.666],[60250.16,1.73],[60249.16,4.267],[60248.16,3.688]],"a":[[60265.0,0.562],[60266.0,0.724],[60267.0,1.009],[60268.0,1.678],[60269.0,1.656],[60270.0,1.355],[60271.0,2.69],[60272.0,3.107],[60273.0,2.126],[60274.0,2.757],[60275.0,2.27],[60276.0,4.446],[60277.0,4.495],[60278.0,3.194],[60279.0,5.081]]}
{"t":1700000113000,"b":[[60274.97,0.559],[60273.97,0.45],[60272.97,0.913],[60271.97,1.665],[60270.97,0.934],[60269.97,2.403],[60268.97,1.972],[60267.97,1.091],[60266.97,1.357],[60265.97,3.101],[60264.97,3.693],[60263.97,4.3],[60262.97,3.142],[60261.97,2.204],[60260.97,4.047]],"a":[[60277.06,0.481],[60278.06,0.96],[60279.06,1.148],[60280.06,1.319],[60281.06,2.016],[60282.06,2.057],[60283.06,1.242],[60284.06,2.062],[60285.06,1.996],[60286.06,1.557],[60287.06,1.607],[60288.06,4.077],[60289.06,3.597],[60290.06,3.924],[60291.06,2.838]]}
{"t":1700000114000,"b":[[60272.63,0.207],[60271.63,0.763],[60270.63,0.931],[60269.63,1.313],[60268.63,1.566],[60267.63,2.072],[60266.63,2.063],[60265.63,2.582],[60264.63,1.374],[60263.63,3.784],[60262.63,1.758],[60261.63,4.054],[60260.63,2.725],[60259.63,2.141],[60258.63,4.935]],"a":[[60275.5,0.375],[60276.5,0.582],[60277.5,1.045],[60278.5,1.12],[60279.5,1.447],[60280.5,1.05],[60281.5,1.693],[60282.5,2.79],[60283.5,2.51],[60284.5,3.869],[60285.5,1.868],[60286.5,3.708],[60287.5,4.808],[60288.5,4.727],[60289.5,4.794]]}
{"t":1700000115000,"b":[[60307.92,0.421],[60306.92,0.686],[60305.92,0.561],[60304.92,0.581],[60303.92,1.535],[60302.92,1.711],[60301.92,2.749],[60300.92,1.73],[60299.92,2.996],[60298.92,3.719],[60297.92,2.447],[60296.92,2.875],[60295.92,3.896],[60294.92,3.696],[60293.92,2.578]],"a":[[60311.81,0.288],[60312.81,0.868],[60313.81,0.625],[60314.81,0.784],[60315.81,1.82],[60316.81,2.231],[60317.81,2.568],[60318.81,3.08],[60319.81,3.586],[60320.81,2.547],[60321.81,3.044],[60322.81,2.491],[60323.81,1.929],[60324.81,2.183],[60325.81,4.78]]}
{"t":1700000116000,"b":[[60275.89,0.24],[60274.89,0.728],[60273.89,1.26],[60272.89,0.94],[60271.89,1.331],[60270.89,1.842],[60269.89,1.531],[60268.89,2.331],[60267.89,2.557],[60266.89,2.291],[60265.89,2.367],[60264.89,2.924],[60263.89,1.716],[60262.89,2.724],[60261.89,2.814]],"a":[[60279.2,0.496],[60280.2,0.608],[60281.2,1.206],[60282.2,0.729],[60283.2,1.726],[60284.2,2.274],[60285.2,1.829],[60286.2,1.846],[60287.2,1.933],[60288.2,2.787],[60289.2,1.96],[60290.2,3.486],[60291.2,4.562],[60292.2,4.959],[60293.2,2.496]]}
{"t":1700000117000,"b":[[60278.89,0.555],[60277.89,0.375],[60276.89,0.518],[60275.89,0.596],[60274.89,1.41],[60273.89,0.876],[60272.89,2.056],[60271.89,1.946],[60270.89,2.616],[60269.89,3.727],[60268.89,3.05],[60267.89,3.287],[60266.89,5.096],[60265.89,3.548],[60264.89,4.973]],"a":[[60281.41,0.346],[60282.41,0.47],[60283.41,1.145],[60284.41,1.418],[60285.41,1.107],[60286.41,1.592],[60287.41,1.92],[60288.41,1.928],[60289.41,2.405],[60290.41,3.081],[60291.41,3.909],[60292.41,4.116],[60293.41,3.788],[60294.41,2.43],[60295.41,3.955]]}
{"t":1700000118000,"b":[[60257.05,0.587],[60256.05,0.803],[60255.05,0.885],[60254.05,0.988],[60253.05,1.006],[60252.05,1.63],[60251.05,1.069],[60250.05,1.869],[60249.05,1.303],[60248.05,1.873],[60247.05,4.082],[60246.05,2.713],[60245.05,3.297],[60244.05,3.484],[60243.05,2.131]],"a":[[60260.37,0.592],[60261.37,0.536],[60262.37,1.083],[60263.37,1.175],[60264.37,1.862],[60265.37,2.203],[60266.37,1.45],[60267.37,2.245],[60268.37,1.617],[60269.37,3.057],[60270.37,2.509],[60271.37,3.633],[60272.37,4.541],[60273.37,3.711],[60274.37,3.418]]}
{"t":1700000119000,"b":[[60264.73,0.341],[60263.73,0.889],[60262.73,0.888],[60261.73,1.129],[60260.73,1.546],[60259.73,1.653],[60258.73,1.214],[60257.73,1.431],[60256.73,1.385],[60255.73,3.03],[60254.73,2.063],[60253.73,2.164],[60252.73,2.932],[60251.73,4.443],[60250.73,2.411]],"a":[[60267.76,0.292],[60268.76,0.852],[60269.76,1.098],[60270.76,1.129],[60271.76,1.37],[60272.76,1.173],[60273.76,1.256],[60274.76,2.867],[60275.76,1.254],[60276.76,1.439],[60277.76,3.113],[60278.76,2.083],[60279.76,3.84],[60280.76,1.968],[60281.76,4.182]]}
{"t":1700000120000,"b":[[60290.54,0.44],[60289.54,0.691],[60288.54,0.467],[60287.54,1.402],[60286.54,1.626],[60285.54,1.293],[60284.54,1.113],[60283.54,2.041],[60282.54,3.583],[60281.54,3.623],[60280.54,1.945],[60279.54,4.191],[60278.54,3.743],[60277.54,4.725],[60276.54,5.15]],"a":[[60294.45,0.273],[60295.45,0.754],[60296.45,0.688],[60297.45,1.408],[60298.45,1.18],[60299.45,1.573],[60300.45,2.072],[60301.45,1.569],[60302.45,2.125],[60303.45,1.613],[60304.45,2.037],[60305.45,4.283],[60306.45,3.415],[60307.45,3.357],[60308.45,2.533]]}
{"t":1700000121000,"b":[[60300.64,0.446],[60299.64,0.35],[60298.64,1.155],[60297.64,1.154],[60296.64,0.865],[60295.64,1.621],[60294.64,1.198],[60293.64,2.372],[60292.64,3.186],[60291.64,3.702],[60290.64,3.697],[60289.64,3.62],[60288.64,3.475],[60287.64,3.177],[60286.64,2.119]],"a":[[60303.59,0.412],[60304.59,0.474],[60305.59,1.172],[60306.59,1.483],[60307.59,1.234],[60308.59,1.797],[60309.59,2.359],[60310.59,2.712],[60311.59,2.872],[60312.59,1.584],[60313.59,1.838],[60314.59,3.078],[60315.59,2.491],[60316.59,4.961],[60317.59,3.055]]}
{"t":1700000122000,"b":[[60326.93,0.516],[60325.93,0.701],[60324.93,0.556],[60323.93,0.583],[60322.93,1.616],[60321.93,1.96],[60320.93,1.55],[60319.93,1.854],[60318.93,1.571],[60317.93,3.052],[60316.93,2.186],[60315.93,4.268],[60314.93,3.14],[60313.93,3.16],[60312.93,3.025]],"a":[[60330.35,0.472],[60331.35,0.816],[60332.35,0.822],[60333.35,1.476],[60334.35,1.375],[60335.35,1.436],[60336.35,2.004],[60337.35,1.621],[60338.35,1.936],[60339.35,2.238],[60340.35,3.496],[60341.35,3.893],[60342.35,4.607],[60343.35,4.231],[60344.35,4.866]]}
{"t":1700000123000,"b":[[60301.0,0.265],[60300.0,0.464],[60299.0,0.811],[60298.0,0.964],[60297.0,1.471],[60296.0,1.975],[60295.0,2.293],[60294.0,1.421],[60293.0,3.515],[60292.0,1.339],[60291.0,1.714],[60290.0,2.033],[60289.0,4.848],[60288.0,3.414],[60287.0,2.2]],"a":[[60304.4,0.289],[60305.4,0.377],[60306.4,0.484],[60307.4,1.017],[60308.4,2.078],[60309.4,1.838],[60310.4,1.94],[60311.4,2.605],[60312.4,2.634],[60313.4,3.831],[60314.4,3.829],[60315.4,3.592],[60316.4,3.193],[60317.4,2.561],[60318.4,4.512]]}
{"t":1700000124000,"b":[[60310.97,0.406],[60309.97,0.476],[60308.97,0.603],[60307.97,0.616],[60306.97,1.035],[60305.97,0.825],[60304.97,1.249],[60303.97,3.218],[60302.97,3.071],[60301.97,2.261],[60300.97,2.596],[60299.97,3.421],[60298.97,3.46],[60297.97,4.515],[60296.97,2.218]],"a":[[60314.17,0.236],[60315.17,0.51],[60316.17,1.197],[60317.17,1.627],[60318.17,1.187],[60319.17,2.414],[60320.17,1.475],[60321.17,2.379],[60322.17,1.667],[60323.17,3.789],[60324.17,3.117],[60325.17,2.397],[60326.17,3.084],[60327.17,2.214],[60328.17,2.232]]}
{"t":1700000125000,"b":[[60282.61,0.521],[60281.61,0.947],[60280.61,1.239],[60279.61,1.51],[60278.61,1.505],[60277.61,1.97],[60276.61,2.786],[60275.61,2.286],[60274.61,3.048],[60273.61,3.332],[60272.61,4.238],[60271.61,3.02],[60270.61,3.266],[60269.61,3.967],[60268.61,2.057]],"a":[[60286.51,0.247],[60287.51,0.369],[60288.51,1.02],[60289.51,1.718],[60290.51,1.648],[60291.51,1.204],[60292.51,1.55],[60293.51,3.129],[60294.51,2.44],[60295.51,1.351],[60296.51,3.863],[60297.51,2.357],[60298.51,2.016],[60299.51,4.284],[60300.51,5.152]]}
{"t":1700000126000,"b":[[60357.61,0.558],[60356.61,0.5],[60355.61,1.302],[60354.61,1.361],[60353.61,1.974],[60352.61,1.648],[60351.61,1.329],[60350.61,2.656],[60349.61,3.295],[60348.61,1.873],[60347.61,2.038],[60346.61,2.362],[60345.61,3.803],[60344.61,2.394],[60343.61,2.366]],"a":[[60360.32,0.568],[60361.32,0.764],[60362.32,1.047],[60363.32,1.281],[60364.32,1.77],[60365.32,1.718],[60366.32,1.03],[60367.32,2.112],[60368.32,2.69],[60369.32,2.63],[60370.32,4.308],[60371.32,4.401],[60372.32,4.654],[60373.32,3.616],[60374.32,5.789]]}
{"t":1700000127000,"b":[[60396.24,0.289],[60395.24,0.7],[60394.24,0.499],[60393.24,1.494],[60392.24,1.37],[60391.24,1.717],[60390.24,1.905],[60389.24,1.921],[60388.24,2.847],[60387.24,1.788],[60386.24,4.282],[60385.24,3.774],[60384.24,3.264],[60383.24,4.341],[60382.24,1.996]],"a":[[60398.8,0.284],[60399.8,0.703],[60400.8,0.743],[60401.8,1.28],[60402.8,1.064],[60403.8,1.73],[60404.8,1.401],[60405.8,2.088],[60406.8,2.671],[60407.8,2.295],[60408.8,2.896],[60409.8,2.238],[60410.8,4.082],[60411.8,3.184],[60412.8,5.282]]}
{"t":1700000128000,"b":[[60391.72,0.291],[60390.72,0.39],[60389.72,0.693],[60388.72,0.846],[60387.72,1.305],[60386.72,1.453],[60385.72,1.227],[60384.72,3.137],[60383.72,1.559],[60382.72,3.46],[60381.72,1.962],[60380.72,3.149],[60379.72,5.085],[60378.72,4.925],[60377.72,3.966]],"a":[[60394.87,0.488],[60395.87,0.835],[60396.87,0.72],[60397.87,1.221],[60398.87,1.495],[60399.87,1.482],[60400.87,2.262],[60401.87,1.204],[60402.87,3.153],[60403.87,2.588],[60404.87,3.277],[60405.87,2.992],[60406.87,2.838],[60407.87,3.143],[60408.87,4.135]]}
{"t":1700000129000,"b":[[60414.47,0.208],[60413.47,0.404],[60412.47,1.231],[60411.47,1.683],[60410.47,0.979],[60409.47,1.775],[60408.47,2.183],[60407.47,1.45],[60406.47,3.073],[60405.47,2.266],[60404.47,3.402],[60403.47,3.111],[60402.47,4.204],[60401.47,5.072],[60400.47,3.436]],"a":[[60416.98,0.315],[60417.98,0.736],[60418.98,0.58],[60419.98,0.768],[60420.98,1.831],[60421.98,1.382],[60422.98,2.149],[60423.98,2.304],[60424.98,3.237],[60425.98,1.514],[60426.98,1.92],[60427.98,2.294],[60428.98,2.777],[60429.98,2.888],[60430.98,2.993]]}
{"t":1700000130000,"b":[[60396.14,0.345],[60395.14,0.706],[60394.14,1.319],[60393.14,1.051],[60392.14,0.957],[60391.14,0.863],[60390.14,2.333],[60389.14,2.498],[60388.14,3.457],[60387.14,3.182],[60386.14,1.682],[60385.14,2.101],[60384.14,2.05],[60383.14,2.058],[60382.14,5.377]],"a":[[60399.87,0.419],[60400.87,0.342],[60401.87,0.807],[60402.87,1.455],[60403.87,0.817],[60404.87,1.258],[60405.87,1.245],[60406.87,2.483],[60407.87,3.325],[60408.87,2.145],[60409.87,2.167],[60410.87,2.47],[60411.87,3.83],[60412.87,2.304],[60413.87,5.22]]}
{"t":1700000131000,"b":[[60373.6,0.544],[60372.6,0.536],[60371.6,0.879],[60370.6,1.696],[60369.6,1.457],[60368.6,1.274],[60367.6,1.795],[60366.6,3.16],[60365.6,2.874],[60364.6,1.794],[60363.6,3.183],[60362.6,3.563],[60361.6,3.862],[60360.6,3.884],[60359.6,3.991]],"a":[[60376.93,0.456],[60377.93,0.526],[60378.93,0.762],[60379.93,1.196],[60380.93,1.827],[60381.93,1.554],[60382.93,1.645],[60383.93,1.634],[60384.93,1.929],[60385.93,1.325],[60386.93,3.815],[60387.93,4.246],[60388.93,2.869],[60389.93,3.538],[60390.93,1.982]]}
{"t":1700000132000,"b":[[60451.79,0.372],[60450.79,0.515],[60449.79,0.658],[60448.79,0.583],[60447.79,1.223],[60446.79,1.504],[60445.79,2.015],[60444.79,1.924],[60443.79,1.592],[60442.79,3.278],[60441.79,2.58],[60440.79,2.767],[60439.79,2.594],[60438.79,3.366],[60437.79,2.884]],"a":[[60453.81,0.506],[60454.81,0.916],[60455.81,1.177],[60456.81,1.362],[60457.81,1.099],[60458.81,2.051],[60459.81,2.487],[60460.81,1.963],[60461.81,3.248],[60462.81,1.808],[60463.81,2.29],[60464.81,3.581],[60465.81,3.8],[60466.81,2.818],[60467.81,4.379]]}
{"t":1700000133000,"b":[[60410.46,0.22],[60409.46,0.673],[60408.46,0.617],[60407.46,0.693],[60406.46,1.077],[60405.46,2.005],[60404.46,2.332],[60403.46,1.576],[60402.46,1.562],[60401.46,2.633],[60400.46,2.442],[60399.46,2.556],[60398.46,4.418],[60397.46,5.468],[60396.46,3.758]],"a":[[60412.5,0.517],[60413.5,0.54],[60414.5,1.209],[60415.5,1.669],[60416.5,0.778],[60417.5,2.105],[60418.5,1.086],[60419.5,2.086],[60420.5,1.661],[60421.5,3.555],[60422.5,3.82],[60423.5,4.184],[60424.5,2.115],[60425.5,4.629],[60426.5,2.921]]}
{"t":1700000134000,"b":[[60415.66,0.384],[60414.66,0.826],[60413.66,0.919],[60412.66,1.704],[60411.66,1.362],[60410.66,1.949],[60409.66,1.543],[60408.66,1.77],[60407.66,2.71],[60406.66,1.437],[60405.66,4.169],[60404.66,3.216],[60403.66,2.561],[60402.66,4.156],[60401.66,2.725]],"a":[[60417.73,0.555],[60418.73,0.886],[60419.73,0.646],[60420.73,0.705],[60421.73,1.586],[60422.73,1.36],[60423.73,1.268],[60424.73,1.669],[60425.73,1.487],[60426.73,3.416],[60427.73,1.476],[60428.73,1.707],[60429.73,4.364],[60430.73,3.56],[60431.73,4.275]]}
{"t":1700000135000,"b":[[60376.75,0.263],[60375.75,0.384],[60374.75,1.007],[60373.75,1.645],[60372.75,2.096],[60371.75,1.856],[60370.75,1.064],[60369.75,2.461],[60368.75,2.883],[60367.75,3.422],[60366.75,1.815],[60365.75,2.308],[60364.75,5.038],[60363.75,4.703],[60362.75,4.901]],"a":[[60378.93,0.522],[60379.93,0.61],[60380.93,0.624],[60381.93,1.368],[60382.93,1.201],[60383.93,1.047],[60384.93,2.657],[60385.93,2.118],[60386.93,2.25],[60387.93,2.106],[60388.93,3.471],[60389.93,2.173],[60390.93,2.335],[60391.93,3.094],[60392.93,4.806]]}
{"t":1700000136000,"b":[[60365.45,0.228],[60364.45,0.426],[60363.45,0.716],[60362.45,0.878],[60361.45,1.214],[60360.45,0.826],[60359.45,2.162],[60358.45,1.89],[60357.45,1.645],[60356.45,1.375],[60355.45,3.935],[60354.45,4.019],[60353.45,2.512],[60352.45,4.457],[60351.45,4.517]],"a":[[60368.56,0.416],[60369.56,0.577],[60370.56,0.922],[60371.56,1.147],[60372.56,1.472],[60373.56,1.837],[60374.56,1.563],[60375.56,2.453],[60376.56,1.465],[60377.56,2.711],[60378.56,1.643],[60379.56,4.206],[60380.56,2.141],[60381.56,5.013],[60382.56,2.738]]}
{"t":1700000137000,"b":[[60433.42,0.428],[60432.42,0.869],[60431.42,1.042],[60430.42,1.18],[60429.42,1.682],[60428.42,1.247],[60427.42,1.646],[60426.42,2.378],[60425.42,1.37],[60424.42,3.79],[60423.42,2.055],[60422.42,3.123],[60421.42,4.725],[60420.42,2.117],[60419.42,5.074]],"a":[[60435.62,0.224],[60436.62,0.688],[60437.62,1.294],[60438.62,1.053],[60439.62,1.217],[60440.62,1.994],[60441.62,2.515],[60442.62,1.647],[60443.62,1.298],[60444.62,1.512],[60445.62,2.331],[60446.62,4.551],[60447.62,4.966],[60448.62,2.179],[60449.62,4.778]]}
{"t":1700000138000,"b":[[60410.24,0.45],[60409.24,0.441],[60408.24,1.124],[60407.24,1.052],[60406.24,0.848],[60405.24,1.879],[60404.24,1.63],[60403.24,2.061],[60402.24,2.797],[60401.24,3.664],[60400.24,1.934],[60399.24,2.143],[60398.24,3.065],[60397.24,3.057],[60396.24,2.567]],"a":[[60412.74,0.599],[60413.74,0.613],[60414.74,0.767],[60415.74,0.937],[60416.74,2.088],[60417.74,1.361],[60418.74,1.656],[60419.74,2.718],[60420.74,2.233],[60421.74,3.249],[60422.74,3.214],[60423.74,3.349],[60424.74,2.427],[60425.74,4.62],[60426.74,5.562]]}
{"t":1700000139000,"b":[[60404.88,0.379],[60403.88,0.583],[60402.88,1.104],[60401.88,1.705],[60400.88,1.534],[60399.88,1.679],[60398.88,2.837],[60397.88,1.724],[60396.88,1.921],[60395.88,1.913],[60394.88,3.932],[60393.88,1.643],[60392.88,4.495],[60391.88,4.342],[60390.88,3.026]],"a":[[60408.81,0.421],[60409.81,0.687],[60410.81,1.283],[60411.81,0.753],[60412.81,0.753],[60413.81,1.412],[60414.81,1.213],[60415.81,1.864],[60416.81,2.597],[60417.81,1.942],[60418.81,3.802],[60419.81,1.865],[60420.81,3.059],[60421.81,5.175],[60422.81,4.814]]}
{"t":1700000140000,"b":[[60394.39,0.476],[60393.39,0.7],[60392.39,1.267],[60391.39,1.26],[60390.39,1.121],[60389.39,2.031],[60388.39,2.045],[60387.39,1.244],[60386.39,1.334],[60385.39,3.368],[60384.39,2.459],[60383.39,4.149],[60382.39,3.116],[60381.39,4.993],[60380.39,5.342]],"a":[[60398.04,0.291],[60399.04,0.749],[60400.04,0.992],[60401.04,0.588],[60402.04,1.788],[60403.04,1.456],[60404.04,1.529],[60405.04,1.164],[60406.04,2.496],[60407.04,1.721],[60408.04,2.907],[60409.04,2.271],[60410.04,1.872],[60411.04,4.495],[60412.04,3.482]]}
{"t":1700000141000,"b":[[60331.23,0.402],[60330.23,0.469],[60329.23,0.711],[60328.23,1.028],[60327.23,0.885],[60326.23,0.961],[60325.23,2.036],[60324.23,1.181],[60323.23,2.158],[60322.23,1.55],[60321.23,2.905],[60320.23,4.013],[60319.23,2.143],[60318.23,2.317],[60317.23,4.131]],"a":[[60334.42,0.395],[60335.42,0.749],[60336.42,0.626],[60337.42,1.283],[60338.42,1.73],[60339.42,1.231],[60340.42,1.086],[60341.42,2.745],[60342.42,1.976],[60343.42,3.774],[60344.42,1.71],[60345.42,3.691],[60346.42,3.14],[60347.42,3.096],[60348.42,3.201]]}
{"t":1700000142000,"b":[[60324.18,0.446],[60323.18,0.969],[60322.18,0.848],[60321.18,0.743],[60320.18,0.763],[60319.18,2.175],[60318.18,1.329],[60317.18,1.879],[60316.18,3.019],[60315.18,3.585],[60314.18,1.776],[60313.18,1.747],[60312.18,4.926],[60311.18,5.208],[60310.18,5.338]],"a":[[60328.16,0.528],[60329.16,0.334],[60330.16,1.074],[60331.16,0.703],[60332.16,1.33],[60333.16,0.863],[60334.16,1.347],[60335.16,2.232],[60336.16,1.689],[60337.16,2.712],[60338.16,2.2],[60339.16,3.097],[60340.16,4.182],[60341.16,2.341],[60342.16,4.675]]}
{"t":1700000143000,"b":[[60320.13,0.465],[60319.13,0.353],[60318.13,0.603],[60317.13,0.902],[60316.13,1.805],[60315.13,1.845],[60314.13,1.051],[60313.13,2.483],[60312.13,1.22],[60311.13,2.355],[60310.13,2.237],[60309.13,4.259],[60308.13,3.944],[60307.13,4.98],[60306.13,2.024]],"a":[[60323.29,0.547],[60324.29,0.747],[60325.29,0.658],[60326.29,1.013],[60327.29,2.067],[60328.29,0.989],[60329.29,1.549],[60330.29,2.939],[60331.29,2.476],[60332.29,1.819],[60333.29,2.902],[60334.29,3.018],[60335.29,4.85],[60336.29,1.903],[60337.29,2.915]]}
{"t":1700000144000,"b":[[60288.51,0.339],[60287.51,0.554],[60286.51,1.013],[60285.51,0.847],[60284.51,2.07],[60283.51,1.652],[60282.51,2.493],[60281.51,2.42],[60280.51,3.309],[60279.51,3.685],[60278.51,3.813],[60277.51,1.668],[60276.51,3.587],[60275.51,2.848],[60274.51,2.542]],"a":[[60290.83,0.559],[60291.83,0.752],[60292.83,0.529],[60293.83,1.015],[60294.83,2.045],[60295.83,1.836],[60296.83,2.138],[60297.83,1.564],[60298.83,1.777],[60299.83,1.73],[60300.83,4.265],[60301.83,4.441],[60302.83,2.82],[60303.83,3.804],[60304.83,2.756]]}
{"t":1700000145000,"b":[[60282.14,0.52],[60281.14,0.886],[60280.14,0.728],[60279.14,1.386],[60278.14,1.433],[60277.14,1.048],[60276.14,2.842],[60275.14,3.173],[60274.14,1.548],[60273.14,3.798],[60272.14,4.11],[60271.14,2.575],[60270.14,3.595],[60269.14,5.287],[60268.14,2.412]],"a":[[60285.22,0.327],[60286.22,0.897],[60287.22,1.104],[60288.22,1.455],[60289.22,1.932],[60290.22,1.508],[60291.22,1.731],[60292.22,2.027],[60293.22,3.441],[60294.22,3.694],[60295.22,4.156],[60296.22,2.437],[60297.22,4.349],[60298.22,2.215],[60299.22,2.671]]}
{"t":1700000146000,"b":[[60286.0,0.292],[60285.0,0.476],[60284.0,1.069],[60283.0,0.988],[60282.0,1.663],[60281.0,1.611],[60280.0,1.904],[60279.0,2.375],[60278.0,2.909],[60277.0,2.316],[60276.0,3.921],[60275.0,3.123],[60274.0,2.168],[60273.0,2.53],[60272.0,2.076]],"a":[[60289.14,0.506],[60290.14,0.335],[60291.14,0.693],[60292.14,1.05],[60293.14,1.739],[60294.14,2.456],[60295.14,2.39],[60296.14,1.217],[60297.14,3.425],[60298.14,3.937],[60299.14,3.965],[60300.14,3.118],[60301.14,2.805],[60302.14,3.495],[60303.14,2.912]]}
{"t":1700000147000,"b":[[60236.93,0.494],[60235.93,0.572],[60234.93,0.732],[60233.93,1.278],[60232.93,1.739],[60231.93,1.805],[60230.93,1.948],[60229.93,2.958],[60228.93,3.089],[60227.93,2.705],[60226.93,2.76],[60225.93,4.18],[60224.93,1.844],[60223.93,5.46],[60222.93,3.973]],"a":[[60239.01,0.358],[60240.01,0.803],[60241.01,0.952],[60242.01,1.169],[60243.01,1.583],[60244.01,0.906],[60245.01,1.503],[60246.01,1.931],[60247.01,1.931],[60248.01,3.518],[60249.01,2.788],[60250.01,2.906],[60251.01,3.785],[60252.01,2.024],[60253.01,3.966]]}
{"t":1700000148000,"b":[[60278.88,0.245],[60277.88,0.831],[60276.88,1.294],[60275.88,1.376],[60274.88,0.889],[60273.88,1.507],[60272.88,1.807],[60271.88,1.46],[60270.88,2.617],[60269.88,3.213],[60268.88,2.036],[60267.88,3.007],[60266.88,2.55],[60265.88,4.35],[60264.88,5.488]],"a":[[60282.33,0.519],[60283.33,0.792],[60284.33,0.561],[60285.33,0.706],[60286.33,1.329],[60287.33,1.424],[60288.33,1.945],[60289.33,1.901],[60290.33,3.099],[60291.33,2.681],[60292.33,4.204],[60293.33,2.768],[60294.33,2.994],[60295.33,4.629],[60296.33,5.508]]}
{"t":1700000149000,"b":[[60332.03,0.26],[60331.03,0.89],[60330.03,0.611],[60329.03,1.394],[60328.03,1.287],[60327.03,1.336],[60326.03,2.41],[60325.03,2.034],[60324.03,2.703],[60323.03,1.637],[60322.03,1.832],[60321.03,2.214],[60320.03,3.817],[60319.03,2.749],[60318.03,3.739]],"a":[[60335.35,0.542],[60336.35,0.678],[60337.35,0.455],[60338.35,1.59],[60339.35,1.033],[60340.35,1.797],[60341.35,1.854],[60342.35,1.957],[60343.35,1.391],[60344.35,2.915],[60345.35,2.16],[60346.35,3.299],[60347.35,3.807],[60348.35,3.86],[60349.35,5.168]]}
{"t":1700000150000,"b":[[60352.2,0.542],[60351.2,0.759],[60350.2,1.204],[60349.2,0.918],[60348.2,1.989],[60347.2,0.906],[60346.2,1.742],[60345.2,1.458],[60344.2,2.813],[60343.2,2.944],[60342.2,3.455],[60341.2,3.449],[60340.2,4.377],[60339.2,2.473],[60338.2,3.726]],"a":[[60354.27,0.432],[60355.27,0.93],[60356.27,0.534],[60357.27,0.919],[60358.27,1.216],[60359.27,1.45],[60360.27,1.079],[60361.27,1.994],[60362.27,2.521],[60363.27,2.101],[60364.27,1.84],[60365.27,3.763],[60366.27,2.633],[60367.27,3.749],[60368.27,3.996]]}
{"t":1700000151000,"b":[[60357.83,0.244],[60356.83,0.799],[60355.83,1.016],[60354.83,1.71],[60353.83,1.377],[60352.83,1.961],[60351.83,2.724],[60350.83,3.195],[60349.83,1.889],[60348.83,2.938],[60347.83,2.368],[60346.83,3.23],[60345.83,5.083],[60344.83,3.117],[60343.83,2.456]],"a":[[60361.05,0.425],[60362.05,0.663],[60363.05,1.019],[60364.05,1.141],[60365.05,0.952],[60366.05,1.831],[60367.05,2.296],[60368.05,3.18],[60369.05,1.204],[60370.05,1.389],[60371.05,3.264],[60372.05,1.946],[60373.05,4.583],[60374.05,4.743],[60375.05,5.846]]}
{"t":1700000152000,"b":[[60329.82,0.205],[60328.82,0.456],[60327.82,0.703],[60326.82,1.484],[60325.82,1.131],[60324.82,1.661],[60323.82,1.565],[60322.82,1.088],[60321.82,2.846],[60320.82,2.23],[60319.82,3.551],[60318.82,3.515],[60317.82,1.799],[60316.82,2.466],[60315.82,3.239]],"a":[[60333.09,0.335],[60334.09,0.762],[60335.09,1.275],[60336.09,1.492],[60337.09,1.604],[60338.09,1.619],[60339.09,2.142],[60340.09,2.993],[60341.09,2.489],[60342.09,2.213],[60343.09,3.724],[60344.09,2.879],[60345.09,4.225],[60346.09,4.873],[60347.09,3.117]]}
{"t":1700000153000,"b":[[60346.92,0.414],[60345.92,0.46],[60344.92,1.067],[60343.92,1.494],[60342.92,1.943],[60341.92,1.408],[60340.92,2.792],[60339.92,1.678],[60338.92,1.275],[60337.92,3.932],[60336.92,3.267],[60335.92,4.229],[60334.92,3.641],[60333.92,3.247],[60332.92,4.271]],"a":[[60349.55,0.546],[60350.55,0.814],[60351.55,1.085],[60352.55,0.937],[60353.55,0.744],[60354.55,1.508],[60355.55,1.894],[60356.55,1.586],[60357.55,2.285],[60358.55,3.844],[60359.55,2.077],[60360.55,2.527],[60361.55,2.082],[60362.55,4.69],[60363.55,4.983]]}
{"t":1700000154000,"b":[[60380.31,0.4],[60379.31,0.449],[60378.31,1.281],[60377.31,1.417],[60376.31,1.433],[60375.31,2.105],[60374.31,1.222],[60373.31,2.949],[60372.31,3.173],[60371.31,3.811],[60370.31,3.412],[60369.31,1.993],[60368.31,4.164],[60367.31,3.502],[60366.31,4.733]],"a":[[60383.27,0.409],[60384.27,0.328],[60385.27,1.289],[60386.27,1.365],[60387.27,1.532],[60388.27,0.969],[60389.27,1.837],[60390.27,1.174],[60391.27,2.449],[60392.27,3.071],[60393.27,2.356],[60394.27,3.394],[60395.27,2.761],[60396.27,5.081],[60397.27,3.201]]}
{"t":1700000155000,"b":[[60360.2,0.328],[60359.2,0.612],[60358.2,0.556],[60357.2,0.747],[60356.2,1.083],[60355.2,0.85],[60354.2,2.134],[60353.2,2.18],[60352.2,1.696],[60351.2,2.253],[60350.2,2.374],[60349.2,2.021],[60348.2,4.095],[60347.2,2.859],[60346.2,2.905]],"a":[[60362.75,0.228],[60363.75,0.724],[60364.75,0.755],[60365.75,1.085],[60366.75,0.882],[60367.75,1.602],[60368.75,2.233],[60369.75,1.303],[60370.75,1.329],[60371.75,2.455],[60372.75,1.969],[60373.75,3.453],[60374.75,3.715],[60375.75,4.877],[60376.75,4.678]]}
{"t":1700000156000,"b":[[60336.42,0.468],[60335.42,0.672],[60334.42,1.326],[60333.42,1.444],[60332.42,1.352],[60331.42,1.042],[60330.42,2.494],[60329.42,3.052],[60328.42,2.324],[60327.42,2.532],[60326.42,3.435],[60325.42,3.812],[60324.42,3.282],[60323.42,2.671],[60322.42,2.823]],"a":[[60339.85,0.544],[60340.85,0.726],[60341.85,1.272],[60342.85,1.026],[60343.85,1.679],[60344.85,1.923],[60345.85,2.449],[60346.85,2.972],[60347.85,2.288],[60348.85,1.405],[60349.85,2.828],[60350.85,2.682],[60351.85,3.268],[60352.85,2.448],[60353.85,4.945]]}
{"t":1700000157000,"b":[[60316.09,0.241],[60315.09,0.856],[60314.09,1.167],[60313.09,0.95],[60312.09,1.609],[60311.09,2.133],[60310.09,1.962],[60309.09,1.937],[60308.09,2.192],[60307.09,2.97],[60306.09,3.039],[60305.09,4.643],[60304.09,3.005],[60303.09,3.069],[60302.09,5.124]],"a":[[60318.35,0.436],[60319.35,0.835],[60320.35,0.842],[60321.35,1.48],[60322.35,1.462],[60323.35,1.215],[60324.35,2.209],[60325.35,1.242],[60326.35,3.434],[60327.35,2.847],[60328.35,2.861],[60329.35,3.44],[60330.35,3.274],[60331.35,3.851],[60332.35,5.156]]}
{"t":1700000158000,"b":[[60356.58,0.526],[60355.58,0.826],[60354.58,0.791],[60353.58,1.143],[60352.58,1.624],[60351.58,0.974],[60350.58,2.502],[60349.58,2.983],[60348.58,3.368],[60347.58,3.011],[60346.58,1.451],[60345.58,2.037],[60344.58,2.207],[60343.58,3.764],[60342.58,3.471]],"a":[[60358.8,0.431],[60359.8,0.452],[60360.8,1.063],[60361.8,0.939],[60362.8,1.498],[60363.8,2.332],[60364.8,1.529],[60365.8,3.103],[60366.8,2.243],[60367.8,3.929],[60368.8,2.448],[60369.8,1.856],[60370.8,1.728],[60371.8,5.425],[60372.8,3.526]]}
{"t":1700000159000,"b":[[60437.36,0.348],[60436.36,0.682],[60435.36,0.498],[60434.36,1.384],[60433.36,1.849],[60432.36,1.418],[60431.36,2.586],[60430.36,2.936],[60429.36,1.765],[60428.36,3.186],[60427.36,2.593],[60426.36,2.577],[60425.36,3.001],[60424.36,3.218],[60423.36,4.076]],"a":[[60439.95,0.465],[60440.95,0.634],[60441.95,0.619],[60442.95,1.017],[60443.95,1.994],[60444.95,2.211],[60445.95,1.243],[60446.95,3.22],[60447.95,2.808],[60448.95,1.681],[60449.95,1.658],[60450.95,1.624],[60451.95,4.153],[60452.95,3.601],[60453.95,3.653]]}
{"t":1700000160000,"b":[[60452.47,0.382],[60451.47,0.838],[60450.47,0.994],[60449.47,1.065],[60448.47,0.952],[60447.47,1.666],[60446.47,1.999],[60445.47,2.043],[60444.47,2.053],[60443.47,1.817],[60442.47,3.203],[60441.47,3.396],[60440.47,4.579],[60439.47,2.689],[60438.47,3.907]],"a":[[60455.3,0.364],[60456.3,0.68],[60457.3,0.78],[60458.3,1.7],[60459.3,1.495],[60460.3,1.988],[60461.3,1.165],[60462.3,2.11],[60463.3,2.857],[60464.3,1.702],[60465.3,3.571],[60466.3,4.673],[60467.3,5.044],[60468.3,4.668],[60469.3,3.763]]}
{"t":1700000161000,"b":[[60451.06,0.235],[60450.06,0.632],[60449.06,1.118],[60448.06,1.679],[60447.06,0.809],[60446.06,1.871],[60445.06,2.466],[60444.06,1.747],[60443.06,1.327],[60442.06,2.235],[60441.06,3.708],[60440.06,3.052],[60439.06,3.443],[60438.06,3.538],[60437.06,4.812]],"a":[[60454.84,0.368],[60455.84,0.949],[60456.84,1.168],[60457.84,0.908],[60458.84,0.749],[60459.84,2.348],[60460.84,2.374],[60461.84,2.638],[60462.84,2.553],[60463.84,1.488],[60464.84,2.822],[60465.84,2.108],[60466.84,1.876],[60467.84,5.44],[60468.84,5.105]]}
{"t":1700000162000,"b":[[60430.27,0.541],[60429.27,0.506],[60428.27,0.569],[60427.27,0.898],[60426.27,1.901],[60425.27,0.848],[60424.27,1.162],[60423.27,1.45],[60422.27,2.62],[60421.27,1.726],[60420.27,2.745],[60419.27,4.12],[60418.27,2.588],[60417.27,4.383],[60416.27,3.841]],"a":[[60433.28,0.52],[60434.28,0.885],[60435.28,0.759],[60436.28,0.672],[60437.28,0.903],[60438.28,2.366],[60439.28,1.243],[60440.28,2.141],[60441.28,3.585],[60442.28,3.366],[60443.28,2.14],[60444.28,2.962],[60445.28,3.868],[60446.28,2.595],[60447.28,4.814]]}
{"t":1700000163000,"b":[[60409.14,0.502],[60408.14,0.4],[60407.14,0.601],[60406.14,1.034],[60405.14,1.122],[60404.14,2.056],[60403.14,2.38],[60402.14,2.22],[60401.14,2.112],[60400.14,3.195],[60399.14,2.826],[60398.14,2.032],[60397.14,4.659],[60396.14,1.868],[60395.14,5.566]],"a":[[60412.43,0.38],[60413.43,0.766],[60414.43,1.316],[60415.43,1.36],[60416.43,0.757],[60417.43,2.339],[60418.43,2.161],[60419.43,3.131],[60420.43,2.236],[60421.43,3.758],[60422.43,3.939],[60423.43,2.63],[60424.43,2.608],[60425.43,2.184],[60426.43,4.502]]}
{"t":1700000164000,"b":[[60360.68,0.435],[60359.68,0.452],[60358.68,0.754],[60357.68,1.369],[60356.68,0.952],[60355.68,1.729],[60354.68,2.228],[60353.68,2.863],[60352.68,1.229],[60351.68,1.584],[60350.68,1.751],[60349.68,2.98],[60348.68,2.446],[60347.68,2.859],[60346.68,2.703]],"a":[[60364.15,0.209],[60365.15,0.385],[60366.15,1.295],[60367.15,1.33],[60368.15,1.87],[60369.15,2.393],[60370.15,2.162],[60371.15,2.597],[60372.15,1.488],[60373.15,3.595],[60374.15,1.827],[60375.15,3.643],[60376.15,4.76],[60377.15,3.891],[60378.15,5.722]]}
{"t":1700000165000,"b":[[60400.15,0.301],[60399.15,0.629],[60398.15,1.293],[60397.15,1.31],[60396.15,1.992],[60395.15,1.281],[60394.15,1.761],[60393.15,3.017],[60392.15,3.048],[60391.15,2.182],[60390.15,1.92],[60389.15,1.808],[60388.15,4.342],[60387.15,3.222],[60386.15,3.247]],"a":[[60403.54,0.224],[60404.54,0.946],[60405.54,0.688],[60406.54,1.082],[60407.54,1.388],[60408.54,2.357],[60409.54,2.11],[60410.54,1.459],[60411.54,2.381],[60412.54,1.706],[60413.54,3.679],[60414.54,2.263],[60415.54,3.887],[60416.54,5.156],[60417.54,4.74]]}
{"t":1700000166000,"b":[[60411.83,0.378],[60410.83,0.908],[60409.83,0.584],[60408.83,1.311],[60407.83,2.006],[60406.83,1.922],[60405.83,1.456],[60404.83,2.58],[60403.83,3.371],[60402.83,2.848],[60401.83,2.945],[60400.83,4.536],[60399.83,3.368],[60398.83,3.417],[60397.83,5.242]],"a":[[60414.33,0.512],[60415.33,0.835],[60416.33,0.936],[60417.33,0.579],[60418.33,2.036],[60419.33,2.175],[60420.33,1.866],[60421.33,2.295],[60422.33,3.444],[60423.33,2.276],[60424.33,3.427],[60425.33,2.837],[60426.33,3.85],[60427.33,5.325],[60428.33,2.304]]}
{"t":1700000167000,"b":[[60419.64,0.232],[60418.64,0.624],[60417.64,1.14],[60416.64,1.32],[60415.64,0.947],[60414.64,0.89],[60413.64,1.68],[60412.64,1.486],[60411.64,2.87],[60410.64,3.701],[60409.64,3.279],[60408.64,2.707],[60407.64,1.989],[60406.64,4.135],[60405.64,4.818]],"a":[[60423.56,0.256],[60424.56,0.451],[60425.56,1.098],[60426.56,1.257],[60427.56,1.385],[60428.56,0.929],[60429.56,1.977],[60430.56,1.737],[60431.56,2.481],[60432.56,3.536],[60433.56,2.753],[60434.56,4.712],[60435.56,1.826],[60436.56,2.03],[60437.56,5.022]]}
{"t":1700000168000,"b":[[60437.47,0.383],[60436.47,0.766],[60435.47,1.237],[60434.47,0.746],[60433.47,1.511],[60432.47,2.351],[60431.47,1.02],[60430.47,1.379],[60429.47,2.769],[60428.47,2.574],[60427.47,4.112],[60426.47,1.719],[60425.47,4.084],[60424.47,2.301],[60423.47,2.622]],"a":[[60440.8,0.22],[60441.8,0.525],[60442.8,1.164],[60443.8,1.1],[60444.8,0.939],[60445.8,1.8],[60446.8,2.504],[60447.8,1.304],[60448.8,2.393],[60449.8,3.443],[60450.8,2.09],[60451.8,4.109],[60452.8,3.149],[60453.8,4.787],[60454.8,5.781]]}
{"t":1700000169000,"b":[[60442.64,0.59],[60441.64,0.699],[60440.64,0.574],[60439.64,1.537],[60438.64,1.81],[60437.64,2.086],[60436.64,2.077],[60435.64,1.796],[60434.64,1.49],[60433.64,1.699],[60432.64,2.654],[60431.64,3.768],[60430.64,3.582],[60429.64,3.426],[60428.64,5.56]],"a":[[60445.29,0.216],[60446.29,0.39],[60447.29,1.213],[60448.29,1.279],[60449.29,1.789],[60450.29,0.851],[60451.29,1.875],[60452.29,1.089],[60453.29,1.631],[60454.29,1.561],[60455.29,3.34],[60456.29,4.369],[60457.29,3.115],[60458.29,4.772],[60459.29,4.963]]}
{"t":1700000170000,"b":[[60433.72,0.365],[60432.72,0.935],[60431.72,0.999],[60430.72,0.618],[60429.72,0.952],[60428.72,1.65],[60427.72,2.756],[60426.72,2.423],[60425.72,3.078],[60424.72,2.247],[60423.72,1.463],[60422.72,2.317],[60421.72,2.1],[60420.72,3.76],[60419.72,2.323]],"a":[[60436.76,0.345],[60437.76,0.82],[60438.76,0.936],[60439.76,0.827],[60440.76,1.778],[60441.76,1.913],[60442.76,1.475],[60443.76,1.491],[60444.76,3.112],[60445.76,3.141],[60446.76,4.259],[60447.76,3.069],[60448.76,2.3],[60449.76,4.271],[60450.76,2.118]]}
{"t":1700000171000,"b":[[60410.92,0.374],[60409.92,0.542],[60408.92,1.175],[60407.92,1.447],[60406.92,0.761],[60405.92,2.047],[60404.92,2.707],[60403.92,1.453],[60402.92,3.085],[60401.92,2.61],[60400.92,1.787],[60399.92,4.394],[60398.92,4.153],[60397.92,3.988],[60396.92,3.221]],"a":[[60413.49,0.28],[60414.49,0.765],[60415.49,0.743],[60416.49,1.471],[60417.49,1.157],[60418.49,0.987],[60419.49,2.352],[60420.49,2.945],[60421.49,2.101],[60422.49,1.91],[60423.49,2.816],[60424.49,3.101],[60425.49,4.728],[60426.49,2.354],[60427.49,5.569]]}
{"t":1700000172000,"b":[[60376.04,0.453],[60375.04,0.959],[60374.04,0.632],[60373.04,0.721],[60372.04,1.669],[60371.04,0.923],[60370.04,1.209],[60369.04,2.906],[60368.04,2.301],[60367.04,1.779],[60366.04,2.446],[60365.04,4.367],[60364.04,3.752],[60363.04,4.707],[60362.04,4.438]],"a":[[60379.48,0.445],[60380.48,0.435],[60381.48,1.323],[60382.48,1.558],[60383.48,0.821],[60384.48,2.239],[60385.48,1.88],[60386.48,3.216],[60387.48,2.62],[60388.48,3.543],[60389.48,2.26],[60390.48,3.875],[60391.48,4.203],[60392.48,2.725],[60393.48,3.226]]}
{"t":1700000173000,"b":[[60385.87,0.437],[60384.87,0.422],[60383.87,0.966],[60382.87,0.581],[60381.87,2.072],[60380.87,0.891],[60379.87,1.844],[60378.87,2.728],[60377.87,1.281],[60376.87,2.732],[60375.87,2.84],[60374.87,4.089],[60373.87,4.492],[60372.87,3.476],[60371.87,2.888]],"a":[[60389.65,0.423],[60390.65,0.333],[60391.65,1.109],[60392.65,1.667],[60393.65,0.886],[60394.65,1.313],[60395.65,2.181],[60396.65,1.27],[60397.65,2.351],[60398.65,2.133],[60399.65,3.49],[60400.65,4.277],[60401.65,4.241],[60402.65,1.914],[60403.65,3.724]]}
{"t":1700000174000,"b":[[60396.06,0.348],[60395.06,0.627],[60394.06,1.02],[60393.06,1.564],[60392.06,0.799],[60391.06,2.299],[60390.06,1.583],[60389.06,1.145],[60388.06,2.222],[60387.06,2.04],[60386.06,4.194],[60385.06,3.284],[60384.06,4.401],[60383.06,4.7],[60382.06,2.266]],"a":[[60399.64,0.552],[60400.64,0.803],[60401.64,0.499],[60402.64,1.662],[60403.64,1.645],[60404.64,2.29],[60405.64,1.161],[60406.64,1.861],[60407.64,2.686],[60408.64,2.294],[60409.64,1.958],[60410.64,3.335],[60411.64,1.928],[60412.64,4.414],[60413.64,2.748]]}
{"t":1700000175000,"b":[[60323.56,0.245],[60322.56,0.636],[60321.56,1.295],[60320.56,1.242],[60319.56,2.043],[60318.56,1.171],[60317.56,2.366],[60316.56,1.56],[60315.56,2.047],[60314.56,2.033],[60313.56,3.423],[60312.56,2.448],[60311.56,1.915],[60310.56,3.085],[60309.56,3.846]],"a":[[60326.04,0.411],[60327.04,0.405],[60328.04,1.089],[60329.04,1.355],[60330.04,1.446],[60331.04,1.307],[60332.04,2.13],[60333.04,2.795],[60334.04,3.469],[60335.04,3.468],[60336.04,4.179],[60337.04,1.782],[60338.04,4.732],[60339.04,3.496],[60340.04,2.263]]}
{"t":1700000176000,"b":[[60347.62,0.31],[60346.62,0.778],[60345.62,0.897],[60344.62,1.581],[60343.62,1.429],[60342.62,1.86],[60341.62,1.507],[60340.62,3.16],[60339.62,2.499],[60338.62,1.675],[60337.62,2.455],[60336.62,2.973],[60335.62,3.892],[60334.62,2.889],[60333.62,2.196]],"a":[[60349.84,0.549],[60350.84,0.476],[60351.84,1.303],[60352.84,1.316],[60353.84,1.276],[60354.84,1.391],[60355.84,2.177],[60356.84,1.777],[60357.84,2.624],[60358.84,3.172],[60359.84,3.892],[60360.84,2.978],[60361.84,2.734],[60362.84,2.307],[60363.84,5.028]]}
{"t":1700000177000,"b":[[60329.61,0.394],[60328.61,0.956],[60327.61,1.143],[60326.61,0.629],[60325.61,1.194],[60324.61,1.577],[60323.61,1.266],[60322.61,3.062],[60321.61,2.908],[60320.61,2.081],[60319.61,4.272],[60318.61,4.219],[60317.61,4.056],[60316.61,4.257],[60315.61,2.549]],"a":[[60332.13,0.295],[60333.13,0.352],[60334.13,0.735],[60335.13,0.72],[60336.13,1.065],[60337.13,1.129],[60338.13,2.019],[60339.13,1.15],[60340.13,1.961],[60341.13,2.236],[60342.13,2.531],[60343.13,3.276],[60344.13,2.253],[60345.13,2.926],[60346.13,5.54]]}
{"t":1700000178000,"b":[[60294.27,0.328],[60293.27,0.328],[60292.27,1.115],[60291.27,1.697],[60290.27,1.164],[60289.27,1.989],[60288.27,1.85],[60287.27,1.698],[60286.27,3.466],[60285.27,3.924],[60284.27,3.114],[60283.27,2.038],[60282.27,3.622],[60281.27,5.135],[60280.27,3.674]],"a":[[60297.18,0.476],[60298.18,0.801],[60299.18,1.26],[60300.18,0.735],[60301.18,1.471],[60302.18,1.333],[60303.18,1.713],[60304.18,2.883],[60305.18,2.27],[60306.18,1.57],[60307.18,1.61],[60308.18,3.595],[60309.18,3.684],[60310.18,2.636],[60311.18,5.599]]}
{"t":1700000179000,"b":[[60318.72,0.415],[60317.72,0.615],[60316.72,1.054],[60315.72,0.675],[60314.72,1.417],[60313.72,1.146],[60312.72,1.554],[60311.72,2.376],[60310.72,3.464],[60309.72,3.732],[60308.72,2.497],[60307.72,2.041],[60306.72,4.603],[60305.72,3.174],[60304.72,3.404]],"a":[[60320.77,0.314],[60321.77,0.553],[60322.77,1.33],[60323.77,1.58],[60324.77,0.823],[60325.77,2.026],[60326.77,1.794],[60327.77,3.209],[60328.77,3.129],[60329.77,2.09],[60330.77,3.786],[60331.77,4.632],[60332.77,3.141],[60333.77,5.097],[60334.77,2.494]]}
{"t":1700000180000,"b":[[60305.17,0.547],[60304.17,0.966],[60303.17,0.51],[60302.17,1.679],[60301.17,1.759],[60300.17,0.971],[60299.17,1.728],[60298.17,3.041],[60297.17,2.195],[60296.17,2.798],[60295.17,3.51],[60294.17,3.954],[60293.17,2.166],[60292.17,2.504],[60291.17,3.439]],"a":[[60308.11,0.422],[60309.11,0.352],[60310.11,1.194],[60311.11,1.535],[60312.11,1.125],[60313.11,1.748],[60314.11,1.831],[60315.11,1.133],[60316.11,1.206],[60317.11,2.021],[60318.11,4.222],[60319.11,4.203],[60320.11,3.307],[60321.11,4.211],[60322.11,5.431]]}
{"t":1700000181000,"b":[[60297.15,0.475],[60296.15,0.484],[60295.15,0.557],[60294.15,0.894],[60293.15,2.092],[60292.15,0.935],[60291.15,2.367],[60290.15,2.324],[60289.15,2.557],[60288.15,3.626],[60287.15,3.271],[60286.15,3.075],[60285.15,4.06],[60284.15,2.261],[60283.15,3.949]],"a":[[60300.14,0.43],[60301.14,0.874],[60302.14,0.597],[60303.14,0.642],[60304.14,1.148],[60305.14,2.274],[60306.14,1.207],[60307.14,1.426],[60308.14,1.854],[60309.14,2.437],[60310.14,4.095],[60311.14,2.696],[60312.14,2.686],[60313.14,3.758],[60314.14,5.602]]}
{"t":1700000182000,"b":[[60236.11,0.501],[60235.11,0.678],[60234.11,1.235],[60233.11,1.526],[60232.11,1.659],[60231.11,1.322],[60230.11,2.252],[60229.11,2.555],[60228.11,1.43],[60227.11,2.862],[60226.11,3.838],[60225.11,1.616],[60224.11,3.462],[60223.11,3.187],[60222.11,3.841]],"a":[[60238.3,0.336],[60239.3,0.917],[60240.3,0.542],[60241.3,0.753],[60242.3,1.01],[60243.3,1.136],[60244.3,2.654],[60245.3,2.394],[60246.3,3.195],[60247.3,2.718],[60248.3,2.993],[60249.3,3.311],[60250.3,4.271],[60251.3,2.241],[60252.3,3.746]]}
{"t":1700000183000,"b":[[60230.03,0.569],[60229.03,0.637],[60228.03,0.73],[60227.03,0.992],[60226.03,1.844],[60225.03,2.293],[60224.03,2.086],[60223.03,2.717],[60222.03,2.021],[60221.03,3.206],[60220.03,1.533],[60219.03,4.141],[60218.03,2.456],[60217.03,4.952],[60216.03,2.505]],"a":[[60233.66,0.291],[60234.66,0.406],[60235.66,0.567],[60236.66,0.665],[60237.66,1.667],[60238.66,2.119],[60239.66,1.098],[60240.66,2.741],[60241.66,3.018],[60242.66,1.438],[60243.66,1.763],[60244.66,4.073],[60245.66,3.446],[60246.66,2.041],[60247.66,2.414]]}
{"t":1700000184000,"b":[[60229.84,0.513],[60228.84,0.923],[60227.84,0.635],[60226.84,1.611],[60225.84,0.959],[60224.84,1.405],[60223.84,1.122],[60222.84,2.894],[60221.84,3.46],[60220.84,3.839],[60219.84,2.459],[60218.84,2.081],[60217.84,3.402],[60216.84,4.484],[60215.84,2.893]],"a":[[60233.35,0.428],[60234.35,0.389],[60235.35,0.97],[60236.35,0.591],[60237.35,1.004],[60238.35,1.141],[60239.35,1.486],[60240.35,3.014],[60241.35,2.489],[60242.35,3.905],[60243.35,1.736],[60244.35,2.249],[60245.35,3.414],[60246.35,4.408],[60247.35,3.379]]}
{"t":1700000185000,"b":[[60243.53,0.583],[60242.53,0.443],[60241.53,0.769],[60240.53,1.012],[60239.53,1.0],[60238.53,1.2],[60237.53,1.164],[60236.53,3.192],[60235.53,1.497],[60234.53,1.617],[60233.53,1.844],[60232.53,3.976],[60231.53,4.096],[60230.53,3.859],[60229.53,2.108]],"a":[[60246.41,0.331],[60247.41,0.4],[60248.41,0.705],[60249.41,1.265],[60250.41,1.137],[60251.41,2.436],[60252.41,1.794],[60253.41,2.266],[60254.41,1.897],[60255.41,3.592],[60256.41,1.997],[60257.41,1.794],[60258.41,4.56],[60259.41,3.561],[60260.41,4.599]]}
